category_link,subcategory_link,listing_title,listing_price,listing_vendor,listing_item,listing_link,subcategory_id,subcategory2_id,detail_name,detail_qty_sold,detail_price,pagination_link,category_idDrugs & Chemicals,Psychedelics,"Freebase DMT ""Dream Sand"" 1.5g - free shipping","Buy price
USD 64.52

(0.0519 BTC)",KingpinPinguin,null,"Freebase DMT ""Dream Sand"" 1.5g - free shipping",Psychedelics,DMT,"Freebase DMT ""Dream Sand"" 1.5g - free sh...","Sold by KingpinPinguin -
4 sold since Mar 25, 2017Î¾Î¾Vendor Level 1Î¾Trust Level 5",Purchase price: USD 64.52,14,Drugs & ChemicalsDrugs & Chemicals,Psychedelics,"50mg Dream Sand N,N-DMT (100 USD per gram)","Buy price
USD 5.00

(0.0040 BTC)",Noumena,"Views: 1379 / Bids: Fixed price
Quantity left: Unlimited","50mg Dream Sand N,N-DMT (100 USD per gram)",Psychedelics,DMT,"50mg Dream Sand N,N-DMT (100 USD per gram)","Sold by Noumena -
71 sold since Mar 17, 2017Î¾Î¾Vendor Level 8Î¾Trust Level 7",Purchase price: USD 5.00,5,Drugs & ChemicalsDrugs & Chemicals,Psychedelics,PROMO PRICING 14 grams+free extra dmt dimethyltryptamine,"Buy price
USD 750.00

(0.6045 BTC)",visualtraveller,"Views: 77 / Bids: Fixed price
Quantity left: Unlimited",PROMO PRICING 14 grams+free extra dmt dimethyltryptamine,Psychedelics,DMT,PROMO PRICING 14 grams+free extra dmt dimethyltryp...,"Sold by visualtraveller -
1 sold since Jan 6, 2017Î¾Î¾Vendor Level 1Î¾Trust Level 4",Purchase price: USD 750.00,18,Drugs & ChemicalsDrugs & Chemicals,Psychedelics,"DMT Pure Crystal 50g (N,N-Dimethyltryptamine)  Š…ÄŠ…Ä FULL ESCROW Š…ÄŠ…Ä 100% delivery","Buy price
USD 1,450.00

(1.1658 BTC)",masturba.TOR,"Views: 23 / Bids: Fixed price
Quantity left: Unlimited","DMT Pure Crystal 50g (N,N-Dimethyltryptamine)  Š…ÄŠ…Ä FULL ESCROW Š…ÄŠ…Ä 100% delivery",Psychedelics,DMT,"DMT Pure Crystal 50g (N,N-Dimethyltryptamine)  Š…ÄŠ…Ä ...","Sold by masturba.TOR -
0 sold since Apr 19, 2017Î¾Î¾Vendor Level 1Î¾Trust Level 3","Purchase price: USD 1,450.00",23,Drugs & ChemicalsDrugs & Chemicals,Psychedelics,!!! LIMITED OFFER !!! LUCKY LUKE - BLUE MAGIC,"Buy price
USD 1.00

(0.0008 BTC)",ErvinCZ,"Views: 79 / Bids: Fixed price
Quantity left: 9",!!! LIMITED OFFER !!! LUCKY LUKE - BLUE MAGIC,Psychedelics,DMT,!!! LIMITED OFFER !!! LUCKY LUKE - BLUE MAGIC,"Sold by ErvinCZ -
0 sold since Apr 8, 2017Î¾Î¾Vendor Level 1Î¾Trust Level 5",Purchase price: USD 1.00,,Drugs & ChemicalsDrugs & Chemicals,Psychedelics,Quality fluffy white DMT 500mg,"Buy price
USD 50.06

(0.0404 BTC)",SpaceyElf,"Views: 6677 / Bids: Fixed price
Quantity left: Unlimited",Quality fluffy white DMT 500mg,Psychedelics,DMT,Quality fluffy white DMT 500mg,"Sold by SpaceyElf -
356 sold since Aug 29, 2015Î¾Î¾Vendor Level 6Î¾Trust Level 6",Purchase price: USD 50.06,2,Drugs & ChemicalsDrugs & Chemicals,Psychedelics,"50mg Desert Dream N,N-DMT (112.22 USD per gram)","Buy price
USD 4.30

(0.0035 BTC)",Noumena,null,"50mg Desert Dream N,N-DMT (112.22 USD per gram)",Psychedelics,DMT,"50mg Desert Dream N,N-DMT (112.22 USD per gram)","Sold by Noumena -
45 sold since Mar 17, 2017Î¾Î¾Vendor Level 8Î¾Trust Level 7",null,6,Drugs & ChemicalsDrugs & Chemicals,Psychedelics,AYAHUASCA two person KIT,"Buy price
USD 49.00

(0.0395 BTC)",LoveIsTheKey,"Views: 1538 / Bids: Fixed price
Quantity left: Unlimited",AYAHUASCA two person KIT,Psychedelics,DMT,AYAHUASCA two person KIT,"Sold by LoveIsTheKey -
14 sold since Sep 6, 2015Î¾Î¾Vendor Level 7Î¾Trust Level 6",Purchase price: USD 49.00,9,Drugs & ChemicalsDrugs & Chemicals,Psychedelics,"Š…ÄŠ…ÄŠ…Ä2 grams 2000mg PURE N,N-DMTŠ…ÄŠ…ÄŠ…Ä$300 [ESCROW]Š…ÄŠ…ÄŠ…ÄAU ONLYŠ…ÄŠ…ÄŠ…ÄFREE EXPRESSŠ…ÄŠ…ÄŠ…Ä","Buy price
USD 228.17

(0.1839 BTC)",DimitriBros,null,"Š…ÄŠ…ÄŠ…Ä2 grams 2000mg PURE N,N-DMTŠ…ÄŠ…ÄŠ…Ä$300 [ESCROW]Š…ÄŠ…ÄŠ…ÄAU ONLYŠ…ÄŠ…ÄŠ…ÄFREE EXPRESSŠ…ÄŠ…ÄŠ…Ä",Psychedelics,DMT,"Š…ÄŠ…ÄŠ…Ä2 grams 2000mg PURE N,N-DMTŠ…ÄŠ…ÄŠ…Ä$300 [ESCROW]Š…ÄŠ…ÄŠ…ÄA...","Sold by DimitriBros -
6 sold since Aug 3, 2016Î¾Î¾Vendor Level 1Î¾Trust Level 4",Purchase price: USD 228.17,12,Drugs & ChemicalsDrugs & Chemicals,Psychedelics,SAMPLE PACK!!  100MG DMT WHITE DREAM + 100MG DMT GOLDEN DREAM free shipp,"Buy price
USD 16.01

(0.0129 BTC)",Dmt-King,"Views: 3929 / Bids: Fixed price
Quantity left: Unlimited",SAMPLE PACK!!  100MG DMT WHITE DREAM + 100MG DMT GOLDEN DREAM free shipp,Psychedelics,DMT,SAMPLE PACK!!  100MG DMT WHITE DREAM + 100MG DMT G...,"Sold by Dmt-King -
138 sold since Dec 15, 2016Î¾Î¾Vendor Level 2Î¾Trust Level 4",Purchase price: USD 16.01,4,Drugs & ChemicalsDrugs & Chemicals,Psychedelics,5000mg CHANGA 50% DMT Crystal,"Buy price
USD 240.00

(0.1934 BTC)",LoveIsTheKey,"Views: 1430 / Bids: Fixed price
Quantity left: Unlimited",5000mg CHANGA 50% DMT Crystal,Psychedelics,DMT,5000mg CHANGA 50% DMT Crystal,"Sold by LoveIsTheKey -
10 sold since Sep 6, 2015Î¾Î¾Vendor Level 7Î¾Trust Level 6",Purchase price: USD 240.00,10,Drugs & ChemicalsDrugs & Chemicals,Psychedelics,500mg Š…_ 5-MeO-DMT Š…_ Freebase & HCl Š…_  ŠÈ¾ FAST SHIPPING - ESCROW ŠÈ¾,"Buy price
USD 79.99

(0.0645 BTC)",Cannabis,"Views: 6575 / Bids: Fixed price
Quantity left: Unlimited",500mg Š…_ 5-MeO-DMT Š…_ Freebase & HCl Š…_  ŠÈ¾ FAST SHIPPING - ESCROW ŠÈ¾,Psychedelics,DMT,500mg Š…_ 5-MeO-DMT Š…_ Freebase & HCl Š…_  ŠÈ¾ FAST S...,"Sold by Cannabis -
135 sold since Sep 10, 2016Î¾Î¾Vendor Level 3Î¾Trust Level 6",Purchase price: USD 79.99,4,Drugs & ChemicalsDrugs & Chemicals,Psychedelics,"DMT - CHANGA -2000MG - 50 % DMT - ELDAR'S ""PIXIE DUST""  Blend  + MAOI - Longer lasting experience","Buy price
USD 192.41

(0.1551 BTC)",Eldars-Magic,"Views: 224 / Bids: Fixed price
Quantity left: Unlimited","DMT - CHANGA -2000MG - 50 % DMT - ELDAR'S ""PIXIE DUST""  Blend  + MAOI - Longer lasting experience",Psychedelics,DMT,DMT - CHANGA -2000MG - 50 % DMT - ELDAR'S &quo...,"Sold by Eldars-Magic -
2 sold since Apr 18, 2016Î¾Î¾Vendor Level 3Î¾Trust Level 5",Purchase price: USD 192.41,16,Drugs & ChemicalsDrugs & Chemicals,Psychedelics,"DMT Pure Crystal 1g (N,N-Dimethyltryptamine) sample Š…ÄŠ…Ä FULL ESCROW Š…ÄŠ…Ä 100% delivery","Buy price
USD 55.00

(0.0443 BTC)",masturba.TOR,"Views: 26 / Bids: Fixed price
Quantity left: Unlimited","DMT Pure Crystal 1g (N,N-Dimethyltryptamine) sample Š…ÄŠ…Ä FULL ESCROW Š…ÄŠ…Ä 100% delivery",Psychedelics,DMT,"DMT Pure Crystal 1g (N,N-Dimethyltryptamine) sampl...","Sold by masturba.TOR -
0 sold since Apr 18, 2017Î¾Î¾Vendor Level 1Î¾Trust Level 3",Purchase price: USD 55.00,28,Drugs & ChemicalsDrugs & Chemicals,Psychedelics,"""No massa production. Only production for the day ...Beautiful holy powder..DMT From TJ= HP= Holypowder= 100% Healing powder=100 mg PURE WHITE CRYSTAL DMT!!!","Buy price
USD 6.03

(0.0049 BTC)",Only_Dmt_From_Tj_TerraJoulle,null,"""No massa production. Only production for the day ...Beautiful holy powder..DMT From TJ= HP= Holypowder= 100% Healing powder=100 mg PURE WHITE CRYSTAL DMT!!!",Psychedelics,DMT,"""No massa production. Only production for the...","Sold by Only_Dmt_From_Tj_TerraJoulle -
251 sold since Sep 20, 2016Î¾Î¾Vendor Level 4Î¾Trust Level 5",Purchase price: USD 6.03,3,Drugs & ChemicalsDrugs & Chemicals,Psychedelics,DMT (White Dream Sand) .5 GRAMS-$50,"Buy price
USD 50.00

(0.0403 BTC)",DreamDoctor,null,DMT (White Dream Sand) .5 GRAMS-$50,Psychedelics,DMT,DMT (White Dream Sand) .5 GRAMS-$50,"Sold by DreamDoctor -
477 sold since Mar 10, 2016Î¾Î¾Vendor Level 6Î¾Trust Level 5",Purchase price: USD 50.00,2,Drugs & ChemicalsDrugs & Chemicals,Psychedelics,500g Mimosa Hostilis Root Bark Powder Form,"Buy price
USD 250.00

(0.2015 BTC)",LoveIsTheKey,null,500g Mimosa Hostilis Root Bark Powder Form,Psychedelics,DMT,500g Mimosa Hostilis Root Bark Powder Form,"Sold by LoveIsTheKey -
0 sold since Apr 29, 2016Î¾Î¾Vendor Level 7Î¾Trust Level 6",Purchase price: USD 250.00,27,Drugs & ChemicalsDrugs & Chemicals,Psychedelics,"Š…ÄŠ…ÄŠ…Ä1 gram 1000mg PURE N,N-DMTŠ…ÄŠ…ÄŠ…Ä$175 [ESCROW]Š…ÄŠ…ÄŠ…ÄAU ONLYŠ…ÄŠ…ÄŠ…ÄFREE EXPRESSŠ…ÄŠ…ÄŠ…Ä","Buy price
USD 130.71

(0.1053 BTC)",DimitriBros,null,"Š…ÄŠ…ÄŠ…Ä1 gram 1000mg PURE N,N-DMTŠ…ÄŠ…ÄŠ…Ä$175 [ESCROW]Š…ÄŠ…ÄŠ…ÄAU ONLYŠ…ÄŠ…ÄŠ…ÄFREE EXPRESSŠ…ÄŠ…ÄŠ…Ä",Psychedelics,DMT,"Š…ÄŠ…ÄŠ…Ä1 gram 1000mg PURE N,N-DMTŠ…ÄŠ…ÄŠ…Ä$175 [ESCROW]Š…ÄŠ…ÄŠ…ÄAU...","Sold by DimitriBros -
22 sold since Jul 28, 2016Î¾Î¾Vendor Level 1Î¾Trust Level 4",Purchase price: USD 130.71,8,Drugs & ChemicalsDrugs & Chemicals,Psychedelics,"5g Desert Dream N,N-DMT (55 USD per gram)","Buy price
USD 275.00

(0.2216 BTC)",Noumena,"Views: 364 / Bids: Fixed price
Quantity left: Unlimited","5g Desert Dream N,N-DMT (55 USD per gram)",Psychedelics,DMT,"5g Desert Dream N,N-DMT (55 USD per gram)","Sold by Noumena -
7 sold since Jan 18, 2017Î¾Î¾Vendor Level 8Î¾Trust Level 7",Purchase price: USD 275.00,12,Drugs & ChemicalsDrugs & Chemicals,Psychedelics,3 grams of CHANGA-- High Quality! FREE SHIPPING,"Buy price
USD 130.00

(0.1046 BTC)",DRshrooms,"Views: 1149 / Bids: Fixed price
Quantity left: Unlimited",3 grams of CHANGA-- High Quality! FREE SHIPPING,Psychedelics,DMT,3 grams of CHANGA-- High Quality! FREE SHIPPING,"Sold by DRshrooms -
25 sold since Apr 8, 2016Î¾Î¾Vendor Level 5Î¾Trust Level 6",Purchase price: USD 130.00,7,Drugs & ChemicalsDrugs & Chemicals,Psychedelics,ETHEREUM DISCOUNT 7 grams dmt dimethyltryptamine,"Buy price
USD 385.00

(0.3103 BTC)",visualtraveller,"Views: 10 / Bids: Fixed price
Quantity left: Unlimited",ETHEREUM DISCOUNT 7 grams dmt dimethyltryptamine,Psychedelics,DMT,ETHEREUM DISCOUNT 7 grams dmt dimethyltryptamine,"Sold by visualtraveller -
0 sold since Apr 10, 2017Î¾Î¾Vendor Level 1Î¾Trust Level 4",Purchase price: USD 385.00,24,Drugs & ChemicalsDrugs & Chemicals,Psychedelics,"Docklands - 0.5g DMT Changa, 50%, UK Seller & Escrow","Buy price
USD 25.00

(0.0202 BTC)",Docklands,"Views: 2807 / Bids: Fixed price
Quantity left: Unlimited","Docklands - 0.5g DMT Changa, 50%, UK Seller & Escrow",Psychedelics,DMT,"Docklands - 0.5g DMT Changa, 50%, UK Seller & ...","Sold by Docklands -
90 sold since Sep 28, 2016Î¾Î¾Vendor Level 8Î¾Trust Level 6",Purchase price: USD 25.00,4,Drugs & ChemicalsDrugs & Chemicals,Psychedelics,1 gram of CHANGA-- High Quality! FREE SHIPPING,"Buy price
USD 50.00

(0.0403 BTC)",DRshrooms,null,1 gram of CHANGA-- High Quality! FREE SHIPPING,Psychedelics,DMT,1 gram of CHANGA-- High Quality! FREE SHIPPING,"Sold by DRshrooms -
130 sold since Sep 21, 2015Î¾Î¾Vendor Level 5Î¾Trust Level 6",Purchase price: USD 50.00,4,Drugs & ChemicalsDrugs & Chemicals,Psychedelics,2.5 gram dmt dimethyltryptamine,"Buy price
USD 150.00

(0.1209 BTC)",visualtraveller,"Views: 239 / Bids: Fixed price
Quantity left: Unlimited",2.5 gram dmt dimethyltryptamine,Psychedelics,DMT,2.5 gram dmt dimethyltryptamine,"Sold by visualtraveller -
4 sold since Dec 16, 2016Î¾Î¾Vendor Level 1Î¾Trust Level 4",Purchase price: USD 150.00,13,Drugs & ChemicalsDrugs & Chemicals,Psychedelics,"DMT Pure Crystal 20g (N,N-Dimethyltryptamine) sample Š…ÄŠ…Ä FULL ESCROW Š…ÄŠ…Ä 100% delivery","Buy price
USD 665.00

(0.5353 BTC)",masturba.TOR,"Views: 26 / Bids: Fixed price
Quantity left: Unlimited","DMT Pure Crystal 20g (N,N-Dimethyltryptamine) sample Š…ÄŠ…Ä FULL ESCROW Š…ÄŠ…Ä 100% delivery",Psychedelics,DMT,"DMT Pure Crystal 20g (N,N-Dimethyltryptamine) samp...","Sold by masturba.TOR -
0 sold since Apr 19, 2017Î¾Î¾Vendor Level 1Î¾Trust Level 3",Purchase price: USD 665.00,26,Drugs & ChemicalsDrugs & Chemicals,Psychedelics,THIS IS  DMT From TJ= HP= Holypowder= 100% Healing powder= 1000 mg  PURE WHITE CRYSTAL DMT!!!,"Buy price
USD 53.10

(0.0428 BTC)",Only_Dmt_From_Tj_TerraJoulle,null,THIS IS  DMT From TJ= HP= Holypowder= 100% Healing powder= 1000 mg  PURE WHITE CRYSTAL DMT!!!,Psychedelics,DMT,THIS IS  DMT From TJ= HP= Holypowder= 100% Healing...,"Sold by Only_Dmt_From_Tj_TerraJoulle -
412 sold since Sep 22, 2016Î¾Î¾Vendor Level 4Î¾Trust Level 5",Purchase price: USD 53.10,2,Drugs & ChemicalsDrugs & Chemicals,Psychedelics,2KG Mimosa Hostilis Root Bark (Brasil) *Highest quality on DNMs*,"Buy price
USD 260.00

(0.2095 BTC)",TheSpunshipEnterprise,"Views: 221 / Bids: Fixed price
Quantity left: Unlimited",2KG Mimosa Hostilis Root Bark (Brasil) *Highest quality on DNMs*,Psychedelics,DMT,2KG Mimosa Hostilis Root Bark (Brasil) *Highest qu...,"Sold by TheSpunshipEnterprise -
2 sold since Dec 9, 2016Î¾Î¾Vendor Level 1Î¾Trust Level 4",Purchase price: USD 260.00,16,Drugs & ChemicalsDrugs & Chemicals,Psychedelics,CHANGA 10g  Relaxing Blend,"Buy price
USD 250.00

(0.2015 BTC)",LoveIsTheKey,null,CHANGA 10g  Relaxing Blend,Psychedelics,DMT,CHANGA 10g  Relaxing Blend,"Sold by LoveIsTheKey -
0 sold since Jan 7, 2017Î¾Î¾Vendor Level 7Î¾Trust Level 6",Purchase price: USD 250.00,30,Drugs & ChemicalsDrugs & Chemicals,Psychedelics,"DMT Pure Crystal 20g (N,N-Dimethyltryptamine) sample Š…ÄŠ…Ä FULL ESCROW Š…ÄŠ…Ä 100% delivery","Buy price
USD 665.00

(0.5360 BTC)",masturba.TOR,"Views: 23 / Bids: Fixed price
Quantity left: Unlimited","DMT Pure Crystal 20g (N,N-Dimethyltryptamine) sample Š…ÄŠ…Ä FULL ESCROW Š…ÄŠ…Ä 100% delivery",Psychedelics,DMT,"DMT Pure Crystal 20g (N,N-Dimethyltryptamine) samp...","Sold by masturba.TOR -
0 sold since Apr 19, 2017Î¾Î¾Vendor Level 1Î¾Trust Level 3",Purchase price: USD 665.00,21,Drugs & ChemicalsDrugs & Chemicals,Psychedelics,DMT 5 gr 275 euro FREE SHIPPING,"Buy price
USD 289.14

(0.2330 BTC)",187Ghost,"Views: 51 / Bids: Fixed price
Quantity left: Unlimited",DMT 5 gr 275 euro FREE SHIPPING,Psychedelics,DMT,DMT 5 gr 275 euro FREE SHIPPING,"Sold by 187Ghost -
0 sold since Mar 5, 2017Î¾Î¾Vendor Level 1Î¾Trust Level 3",Purchase price: USD 289.14,25,Drugs & ChemicalsDrugs & Chemicals,Psychedelics,2.25 grams dmt dimethyltryptamine,"Buy price
USD 140.00

(0.1128 BTC)",visualtraveller,"Views: 135 / Bids: Fixed price
Quantity left: Unlimited",2.25 grams dmt dimethyltryptamine,Psychedelics,DMT,2.25 grams dmt dimethyltryptamine,"Sold by visualtraveller -
1 sold since Dec 19, 2016Î¾Î¾Vendor Level 1Î¾Trust Level 4",Purchase price: USD 140.00,18,Drugs & ChemicalsDrugs & Chemicals,Psychedelics,DMT ~ 4g ~ Canada only!,"Buy price
USD 280.00

(0.2257 BTC)",Canada,null,DMT ~ 4g ~ Canada only!,Psychedelics,DMT,DMT ~ 4g ~ Canada only!,"Sold by Canada -
0 sold since Mar 9, 2017Î¾Î¾Vendor Level 8Î¾Trust Level 8",Purchase price: USD 280.00,27,Drugs & ChemicalsDrugs & Chemicals,Psychedelics,1 oz DMT Dutch Quality,"Buy price
USD 2,300.00

(1.8537 BTC)",dutchpride,"Views: 796 / Bids: Fixed price
Quantity left: 4",1 oz DMT Dutch Quality,Psychedelics,DMT,1 oz DMT Dutch Quality,"Sold by dutchpride -
1 sold since Sep 27, 2015Î¾Î¾Vendor Level 1Î¾Trust Level 5","Purchase price: USD 2,300.00",18,Drugs & ChemicalsDrugs & Chemicals,Psychedelics,1 OZ - CHANGA (leaf infusion),"Buy price
USD 600.00

(0.4836 BTC)",DMT4LESS,null,1 OZ - CHANGA (leaf infusion),Psychedelics,DMT,1 OZ - CHANGA (leaf infusion),"Sold by DMT4LESS -
2 sold since Mar 25, 2017Î¾Î¾Vendor Level 1Î¾Trust Level 4",Purchase price: USD 600.00,16,Drugs & ChemicalsDrugs & Chemicals,Psychedelics,DMT freebase - 300 mg capsules || Ayahuasca experience,"Buy price
USD 49.95

(0.0403 BTC)",Psychonauta01,"Views: 129 / Bids: Fixed price
Quantity left: 8",DMT freebase - 300 mg capsules || Ayahuasca experience,Psychedelics,DMT,DMT freebase - 300 mg capsules || Ayahuasca experi...,"Sold by Psychonauta01 -
1 sold since Apr 6, 2017Î¾Î¾Vendor Level 2Î¾Trust Level 4",Purchase price: USD 49.95,18,Drugs & ChemicalsDrugs & Chemicals,Psychedelics,DMT ~ 5g ~ Canada only!,"Buy price
USD 345.00

(0.2774 BTC)",Canada,null,DMT ~ 5g ~ Canada only!,Psychedelics,DMT,DMT ~ 5g ~ Canada only!,"Sold by Canada -
1 sold since Mar 9, 2017Î¾Î¾Vendor Level 8Î¾Trust Level 8",Purchase price: USD 345.00,17,Drugs & ChemicalsDrugs & Chemicals,Psychedelics,"DMT Pure Crystal 5g (N,N-Dimethyltryptamine) sample Š…ÄŠ…Ä FULL ESCROW Š…ÄŠ…Ä 100% delivery","Buy price
USD 200.00

(0.1610 BTC)",masturba.TOR,"Views: 39 / Bids: Fixed price
Quantity left: Unlimited","DMT Pure Crystal 5g (N,N-Dimethyltryptamine) sample Š…ÄŠ…Ä FULL ESCROW Š…ÄŠ…Ä 100% delivery",Psychedelics,DMT,"DMT Pure Crystal 5g (N,N-Dimethyltryptamine) sampl...","Sold by masturba.TOR -
0 sold since Apr 18, 2017Î¾Î¾Vendor Level 1Î¾Trust Level 3",Purchase price: USD 200.00,26,Drugs & ChemicalsDrugs & Chemicals,Psychedelics,500mg NN-DMT Opening Sale!!$75!!!!,"Buy price
USD 57.70

(0.0465 BTC)",Fracgasim,null,500mg NN-DMT Opening Sale!!$75!!!!,Psychedelics,DMT,500mg NN-DMT Opening Sale!!$75!!!!,"Sold by Fracgasim -
2 sold since Aug 15, 2016Î¾Î¾Vendor Level 1Î¾Trust Level 3",Purchase price: USD 57.70,16,Drugs & ChemicalsDrugs & Chemicals,Psychedelics,"8g Dream Sand N,N-DMT (62 USD per gram)","Buy price
USD 496.00

(0.3998 BTC)",Noumena,"Views: 54 / Bids: Fixed price
Quantity left: Unlimited","8g Dream Sand N,N-DMT (62 USD per gram)",Psychedelics,DMT,"8g Dream Sand N,N-DMT (62 USD per gram)","Sold by Noumena -
0 sold since Mar 23, 2017Î¾Î¾Vendor Level 8Î¾Trust Level 7",Purchase price: USD 496.00,21,Drugs & ChemicalsDrugs & Chemicals,Psychedelics,1Gram Pure DMT - FULL ESCROW,"Buy price
USD 80.00

(0.0645 BTC)",DrugShaman,"Views: 75 / Bids: Fixed price
Quantity left: Unlimited",1Gram Pure DMT - FULL ESCROW,Psychedelics,DMT,1Gram Pure DMT - FULL ESCROW,"Sold by DrugShaman -
0 sold since Mar 17, 2017Î¾Î¾Vendor Level 1Î¾Trust Level 3",Purchase price: USD 80.00,30,Drugs & ChemicalsDrugs & Chemicals,Psychedelics,DMT 0.75gr 45 euro FREE SHIPPING,"Buy price
USD 47.31

(0.0381 BTC)",187Ghost,"Views: 47 / Bids: Fixed price
Quantity left: Unlimited",DMT 0.75gr 45 euro FREE SHIPPING,Psychedelics,DMT,DMT 0.75gr 45 euro FREE SHIPPING,"Sold by 187Ghost -
0 sold since Mar 5, 2017Î¾Î¾Vendor Level 1Î¾Trust Level 3",Purchase price: USD 47.31,24,Drugs & ChemicalsDrugs & Chemicals,Psychedelics,"Š…•$40 Sample, or FREE with $50 main order Š_–Š_ê ~40mg DMT Š_êŠ_– Š…•Intense psychedellic Š…•The Spirit Molecule] (REQUIRES MAIN order on Š…•RLT)","Buy price
USD 0.05

(0.0000 BTC)",theRoadLessToxic,null,"Š…•$40 Sample, or FREE with $50 main order Š_–Š_ê ~40mg DMT Š_êŠ_– Š…•Intense psychedellic Š…•The Spirit Molecule] (REQUIRES MAIN order on Š…•RLT)",Psychedelics,DMT,"Š…•$40 Sample, or FREE with $50 main order Š_–Š_ê ~40mg ...","Sold by theRoadLessToxic -
211 sold since May 9, 2015Î¾Î¾Vendor Level 7Î¾Trust Level 7",Purchase price: USD 0.05,3,Drugs & ChemicalsDrugs & Chemicals,Psychedelics,"BRAND NEW! Š“Â 1g OPENING SALE Š“Â 100% BIO CHANGA Š“Â 60%DMT + MAOI Š“Â German quality Š“Â 0,2g/p Š“Â 90 min Trip into your Mind & Soul","Buy price
USD 75.00

(0.0604 BTC)",Changa123,"Views: 97 / Bids: Fixed price
Quantity left: 25","BRAND NEW! Š“Â 1g OPENING SALE Š“Â 100% BIO CHANGA Š“Â 60%DMT + MAOI Š“Â German quality Š“Â 0,2g/p Š“Â 90 min Trip into your Mind & Soul",Psychedelics,DMT,BRAND NEW! Š“Â 1g OPENING SALE Š“Â 100% BIO CHANGA Š“Â 6...,"Sold by Changa123 -
0 sold since Feb 26, 2017Î¾Î¾Vendor Level 1Î¾Trust Level 3",Purchase price: USD 75.00,19,Drugs & ChemicalsDrugs & Chemicals,Psychedelics,DMT - Infused Magical Herbs - 1000 MG - 55% DMT - NO MAOI/HARMINE BLEND - Free Postage,"Buy price
USD 113.18

(0.0912 BTC)",Eldars-Magic,"Views: 268 / Bids: Fixed price
Quantity left: Unlimited",DMT - Infused Magical Herbs - 1000 MG - 55% DMT - NO MAOI/HARMINE BLEND - Free Postage,Psychedelics,DMT,DMT - Infused Magical Herbs - 1000 MG - 55% DMT - ...,"Sold by Eldars-Magic -
0 sold since Feb 11, 2016Î¾Î¾Vendor Level 3Î¾Trust Level 5",Purchase price: USD 113.18,24,Drugs & ChemicalsDrugs & Chemicals,Psychedelics,"Š…ÄŠ…ÄŠ…Ä1/4 gram 250mg PURE N,N-DMTŠ…ÄŠ…ÄŠ…Ä$50 [ESCROW]Š…ÄŠ…ÄŠ…ÄAU ONLYŠ…ÄŠ…ÄŠ…ÄFREE EXPRESSŠ…ÄŠ…ÄŠ…Ä","Buy price
USD 37.35

(0.0301 BTC)",DimitriBros,null,"Š…ÄŠ…ÄŠ…Ä1/4 gram 250mg PURE N,N-DMTŠ…ÄŠ…ÄŠ…Ä$50 [ESCROW]Š…ÄŠ…ÄŠ…ÄAU ONLYŠ…ÄŠ…ÄŠ…ÄFREE EXPRESSŠ…ÄŠ…ÄŠ…Ä",Psychedelics,DMT,"Š…ÄŠ…ÄŠ…Ä1/4 gram 250mg PURE N,N-DMTŠ…ÄŠ…ÄŠ…Ä$50 [ESCROW]Š…ÄŠ…ÄŠ…ÄAU...","Sold by DimitriBros -
33 sold since Jul 28, 2016Î¾Î¾Vendor Level 1Î¾Trust Level 4",Purchase price: USD 37.35,6,Drugs & ChemicalsDrugs & Chemicals,Psychedelics,"DMT crystals - The Spirit Molecule. 3.5 gram of N,N-DMT crystals","Buy price
USD 269.05

(0.2168 BTC)",Blue_Fairy,"Views: 167 / Bids: Fixed price
Quantity left: 20","DMT crystals - The Spirit Molecule. 3.5 gram of N,N-DMT crystals",Psychedelics,DMT,"DMT crystals - The Spirit Molecule. 3.5 gram of N,...","Sold by Blue_Fairy -
5 sold since Feb 19, 2017Î¾Î¾Vendor Level 5Î¾Trust Level 5",Purchase price: USD 269.05,12,Drugs & ChemicalsDrugs & Chemicals,Psychedelics,"DMT Pure Crystal 5g (N,N-Dimethyltryptamine) sample Š…ÄŠ…Ä FULL ESCROW Š…ÄŠ…Ä 100% delivery","Buy price
USD 200.00

(0.1612 BTC)",masturba.TOR,"Views: 26 / Bids: Fixed price
Quantity left: Unlimited","DMT Pure Crystal 5g (N,N-Dimethyltryptamine) sample Š…ÄŠ…Ä FULL ESCROW Š…ÄŠ…Ä 100% delivery",Psychedelics,DMT,"DMT Pure Crystal 5g (N,N-Dimethyltryptamine) sampl...","Sold by masturba.TOR -
0 sold since Apr 18, 2017Î¾Î¾Vendor Level 1Î¾Trust Level 3",Purchase price: USD 200.00,28,Drugs & ChemicalsDrugs & Chemicals,Psychedelics,150 mg Š…_ 5-MeO-DMT SAMPLER Š…_ Freebase Š…_  Ethereum (ETH) ONLY Š…_,"Buy price
USD 24.95

(0.0201 BTC)",Cannabis,"Views: 200 / Bids: Fixed price
Quantity left: Unlimited",150 mg Š…_ 5-MeO-DMT SAMPLER Š…_ Freebase Š…_  Ethereum (ETH) ONLY Š…_,Psychedelics,DMT,150 mg Š…_ 5-MeO-DMT SAMPLER Š…_ Freebase Š…_  Ethereum ...,"Sold by Cannabis -
0 sold since Mar 18, 2017Î¾Î¾Vendor Level 3Î¾Trust Level 6",Purchase price: USD 24.95,25,Drugs & ChemicalsDrugs & Chemicals,Psychedelics,"DMT Pure Crystal 10g (N,N-Dimethyltryptamine) sample Š…ÄŠ…Ä FULL ESCROW Š…ÄŠ…Ä 100% delivery","Buy price
USD 365.00

(0.2942 BTC)",masturba.TOR,"Views: 31 / Bids: Fixed price
Quantity left: Unlimited","DMT Pure Crystal 10g (N,N-Dimethyltryptamine) sample Š…ÄŠ…Ä FULL ESCROW Š…ÄŠ…Ä 100% delivery",Psychedelics,DMT,"DMT Pure Crystal 10g (N,N-Dimethyltryptamine) samp...","Sold by masturba.TOR -
0 sold since Apr 18, 2017Î¾Î¾Vendor Level 1Î¾Trust Level 3",Purchase price: USD 365.00,22,Drugs & ChemicalsDrugs & Chemicals,Psychedelics,"DMT Pure Crystal 1gm (N,N-Dimethyltryptamine) sample Š…ÄŠ…Ä FULL ESCROW Š…ÄŠ…Ä 100% delivery","Buy price
USD 55.00

(0.0443 BTC)",masturba.TOR,"Views: 25 / Bids: Fixed price
Quantity left: Unlimited","DMT Pure Crystal 1gm (N,N-Dimethyltryptamine) sample Š…ÄŠ…Ä FULL ESCROW Š…ÄŠ…Ä 100% delivery",Psychedelics,DMT,"DMT Pure Crystal 1gm (N,N-Dimethyltryptamine) samp...","Sold by masturba.TOR -
0 sold since Apr 18, 2017Î¾Î¾Vendor Level 1Î¾Trust Level 3",Purchase price: USD 55.00,22,Drugs & ChemicalsDrugs & Chemicals,Psychedelics,"DMT Pure Crystal 1g (N,N-Dimethyltryptamine) sample Š…ÄŠ…Ä FULL ESCROW Š…ÄŠ…Ä 100% delivery","Buy price
USD 55.00

(0.0443 BTC)",masturba.TOR,"Views: 31 / Bids: Fixed price
Quantity left: Unlimited","DMT Pure Crystal 1g (N,N-Dimethyltryptamine) sample Š…ÄŠ…Ä FULL ESCROW Š…ÄŠ…Ä 100% delivery",Psychedelics,DMT,"DMT Pure Crystal 1g (N,N-Dimethyltryptamine) sampl...","Sold by masturba.TOR -
0 sold since Apr 18, 2017Î¾Î¾Vendor Level 1Î¾Trust Level 3",Purchase price: USD 55.00,29,Drugs & ChemicalsDrugs & Chemicals,Psychedelics,0.5g Pure DMT from Mimosa Hostilis Brazil,"Buy price
USD 41.00

(0.0330 BTC)",DMT-lovestore,"Views: 1076 / Bids: Fixed price
Quantity left: 12",0.5g Pure DMT from Mimosa Hostilis Brazil,Psychedelics,DMT,0.5g Pure DMT from Mimosa Hostilis Brazil,"Sold by DMT-lovestore -
16 sold since Nov 6, 2015Î¾Î¾Vendor Level 5Î¾Trust Level 5",Purchase price: USD 41.00,9,Drugs & ChemicalsDrugs & Chemicals,Psychedelics,250mg Changa Lotus Blend 60+% DMT,"Buy price
USD 29.35

(0.0237 BTC)",McKennaInc.,"Views: 430 / Bids: Fixed price
Quantity left: Unlimited",250mg Changa Lotus Blend 60+% DMT,Psychedelics,DMT,250mg Changa Lotus Blend 60+% DMT,"Sold by McKennaInc. -
13 sold since Oct 26, 2016Î¾Î¾Vendor Level 2Î¾Trust Level 4",Purchase price: USD 29.35,9,Drugs & ChemicalsDrugs & Chemicals,Psychedelics,1 gram Harmala HCl isolate 95% [MAOI Monoamine Oxidase Inhibitor for Ayahuasca],"Buy price
USD 30.00

(0.0242 BTC)",prodruq,"Views: 216 / Bids: Fixed price
Quantity left: Unlimited",1 gram Harmala HCl isolate 95% [MAOI Monoamine Oxidase Inhibitor for Ayahuasca],Psychedelics,DMT,1 gram Harmala HCl isolate 95% [MAOI Monoamine Oxi...,"Sold by prodruq -
0 sold since Dec 20, 2016Î¾Î¾Vendor Level 3Î¾Trust Level 4",Purchase price: USD 30.00,28,Drugs & ChemicalsDrugs & Chemicals,Psychedelics,DogeMarket PreBeta Invitation,"Buy price
USD 99,999.00

(80.5950 BTC)",Comboseller,"Views: 262 / Bids: Fixed price
Quantity left: Unlimited",DogeMarket PreBeta Invitation,Psychedelics,DMT,DogeMarket PreBeta Invitation,"Sold by Comboseller -
0 sold since Dec 14, 2015Î¾Î¾Vendor Level 1Î¾Trust Level 3","Purchase price: USD 99,999.00",25,Drugs & ChemicalsDrugs & Chemicals,Psychedelics,"DMT Pure Crystal 10g (N,N-Dimethyltryptamine) sample Š…ÄŠ…Ä FULL ESCROW Š…ÄŠ…Ä 100% delivery","Buy price
USD 365.00

(0.2942 BTC)",masturba.TOR,"Views: 31 / Bids: Fixed price
Quantity left: Unlimited","DMT Pure Crystal 10g (N,N-Dimethyltryptamine) sample Š…ÄŠ…Ä FULL ESCROW Š…ÄŠ…Ä 100% delivery",Psychedelics,DMT,"DMT Pure Crystal 10g (N,N-Dimethyltryptamine) samp...","Sold by masturba.TOR -
0 sold since Apr 18, 2017Î¾Î¾Vendor Level 1Î¾Trust Level 3",Purchase price: USD 365.00,22,Drugs & ChemicalsDrugs & Chemicals,Psychedelics,500mg Pure DMT from Mimosa Hostilis Root Bark :) Whitest and purest DMT you'll find,"Buy price
USD 157.65

(0.1271 BTC)",ChemMart,"Views: 271 / Bids: Fixed price
Quantity left: 5",500mg Pure DMT from Mimosa Hostilis Root Bark :) Whitest and purest DMT you'll find,Psychedelics,DMT,500mg Pure DMT from Mimosa Hostilis Root Bark :) W...,"Sold by ChemMart -
0 sold since Feb 18, 2016Î¾Î¾Vendor Level 1Î¾Trust Level 4",Purchase price: USD 157.65,21,Drugs & ChemicalsDrugs & Chemicals,Psychedelics,DMT (White Dream Sand) 2 GRAMS-$160 **ON SALE,"Buy price
USD 160.00

(0.1291 BTC)",DreamDoctor,"Views: 898 / Bids: Fixed price
Quantity left: Unlimited",DMT (White Dream Sand) 2 GRAMS-$160 **ON SALE,Psychedelics,DMT,DMT (White Dream Sand) 2 GRAMS-$160 **ON SALE,"Sold by DreamDoctor -
58 sold since Mar 18, 2016Î¾Î¾Vendor Level 6Î¾Trust Level 5",Purchase price: USD 160.00,5,Drugs & ChemicalsDrugs & Chemicals,Psychedelics,1.5 grams dmt dimethyltryptamine,"Buy price
USD 90.00

(0.0725 BTC)",visualtraveller,"Views: 316 / Bids: Fixed price
Quantity left: Unlimited",1.5 grams dmt dimethyltryptamine,Psychedelics,DMT,1.5 grams dmt dimethyltryptamine,"Sold by visualtraveller -
8 sold since Dec 16, 2016Î¾Î¾Vendor Level 1Î¾Trust Level 4",Purchase price: USD 90.00,11,Drugs & ChemicalsDrugs & Chemicals,Psychedelics,DeeDMT 0.5g HIGH QUALITY DMT,"Buy price
USD 44.87

(0.0362 BTC)",DeeDMT,"Views: 731 / Bids: Fixed price
Quantity left: Unlimited",DeeDMT 0.5g HIGH QUALITY DMT,Psychedelics,DMT,DeeDMT 0.5g HIGH QUALITY DMT,"Sold by DeeDMT -
15 sold since Jan 10, 2016Î¾Î¾Vendor Level 2Î¾Trust Level 5",Purchase price: USD 44.87,9,Drugs & ChemicalsDrugs & Chemicals,Psychedelics,CHANGA 1000mg  Relaxing Blend,"Buy price
USD 35.00

(0.0282 BTC)",LoveIsTheKey,null,CHANGA 1000mg  Relaxing Blend,Psychedelics,DMT,CHANGA 1000mg  Relaxing Blend,"Sold by LoveIsTheKey -
3 sold since Jan 1, 2017Î¾Î¾Vendor Level 7Î¾Trust Level 6",Purchase price: USD 35.00,15,Drugs & ChemicalsDrugs & Chemicals,Psychedelics,"20g Dream Combo (one bag of each kind) N,N-DMT (49.93 USD per gram)","Buy price
USD 998.51

(0.8048 BTC)",Noumena,"Views: 72 / Bids: Fixed price
Quantity left: Unlimited","20g Dream Combo (one bag of each kind) N,N-DMT (49.93 USD per gram)",Psychedelics,DMT,"20g Dream Combo (one bag of each kind) N,N-DMT (49...","Sold by Noumena -
0 sold since Mar 13, 2017Î¾Î¾Vendor Level 8Î¾Trust Level 7",Purchase price: USD 998.51,22,Drugs & ChemicalsDrugs & Chemicals,Psychedelics,1000 Milligram 4-ACO-DMT || Orally active Synthetic DMT || Legal Research Chemical,"Buy price
USD 106.82

(0.0860 BTC)",Dutchdrugz,"Views: 1831 / Bids: Fixed price
Quantity left: Unlimited",1000 Milligram 4-ACO-DMT || Orally active Synthetic DMT || Legal Research Chemical,Psychedelics,DMT,1000 Milligram 4-ACO-DMT || Orally active Syntheti...,"Sold by Dutchdrugz -
44 sold since Jun 19, 2016Î¾Î¾Vendor Level 5Î¾Trust Level 6",Purchase price: USD 106.82,6,Drugs & ChemicalsDrugs & Chemicals,Psychedelics,"3g Desert Dream N,N-DMT (57 USD per gram)","Buy price
USD 171.00

(0.1378 BTC)",Noumena,"Views: 646 / Bids: Fixed price
Quantity left: Unlimited","3g Desert Dream N,N-DMT (57 USD per gram)",Psychedelics,DMT,"3g Desert Dream N,N-DMT (57 USD per gram)","Sold by Noumena -
18 sold since Sep 20, 2015Î¾Î¾Vendor Level 8Î¾Trust Level 7",Purchase price: USD 171.00,8,Drugs & ChemicalsDrugs & Chemicals,Psychedelics,10g Changa 50% DMT Crystal MHRB hand Extraction,"Buy price
USD 460.00

(0.3707 BTC)",LoveIsTheKey,"Views: 745 / Bids: Fixed price
Quantity left: Unlimited",10g Changa 50% DMT Crystal MHRB hand Extraction,Psychedelics,DMT,10g Changa 50% DMT Crystal MHRB hand Extraction,"Sold by LoveIsTheKey -
2 sold since Oct 13, 2015Î¾Î¾Vendor Level 7Î¾Trust Level 6",Purchase price: USD 460.00,16,Drugs & ChemicalsDrugs & Chemicals,Psychedelics,"DMT - CHANGA - 2000 MG - 55% DMT - ELDAR'S ""EUPHORIA""  Blend  + MAOI - Longer lasting experience","Buy price
USD 196.18

(0.1577 BTC)",Eldars-Magic,"Views: 229 / Bids: Fixed price
Quantity left: Unlimited","DMT - CHANGA - 2000 MG - 55% DMT - ELDAR'S ""EUPHORIA""  Blend  + MAOI - Longer lasting experience",Psychedelics,DMT,DMT - CHANGA - 2000 MG - 55% DMT - ELDAR'S &qu...,"Sold by Eldars-Magic -
3 sold since Apr 18, 2016Î¾Î¾Vendor Level 3Î¾Trust Level 5",Purchase price: USD 196.18,14,Drugs & ChemicalsDrugs & Chemicals,Psychedelics,Liquid Oil Vaporizer E Pipe 510 thread FREE E JUICE,"Buy price
USD 25.00

(0.0201 BTC)",ESLight,"Views: 182 / Bids: Fixed price
Quantity left: Unlimited",Liquid Oil Vaporizer E Pipe 510 thread FREE E JUICE,Psychedelics,DMT,Liquid Oil Vaporizer E Pipe 510 thread FREE E JUIC...,"Sold by ESLight -
0 sold since Nov 18, 2016Î¾Î¾Vendor Level 3Î¾Trust Level 6",Purchase price: USD 25.00,28,Drugs & ChemicalsDrugs & Chemicals,Psychedelics,CHANGA 200mg 50% DMT (free express shipping),"Buy price
USD 30.68

(0.0247 BTC)",skylerpinkman,"Views: 3989 / Bids: Fixed price
Quantity left: 3",CHANGA 200mg 50% DMT (free express shipping),Psychedelics,DMT,CHANGA 200mg 50% DMT (free express shipping),"Sold by skylerpinkman -
163 sold since Sep 27, 2015Î¾Î¾Vendor Level 6Î¾Trust Level 6",Purchase price: USD 30.68,3,Drugs & ChemicalsDrugs & Chemicals,Psychedelics,ETHEREUM DISCOUNT 8 grams dmt dimethyltryptamine,"Buy price
USD 475.00

(0.3828 BTC)",visualtraveller,"Views: 10 / Bids: Fixed price
Quantity left: Unlimited",ETHEREUM DISCOUNT 8 grams dmt dimethyltryptamine,Psychedelics,DMT,ETHEREUM DISCOUNT 8 grams dmt dimethyltryptamine,"Sold by visualtraveller -
0 sold since Apr 9, 2017Î¾Î¾Vendor Level 1Î¾Trust Level 4",Purchase price: USD 475.00,25,Drugs & ChemicalsDrugs & Chemicals,Psychedelics,ETHEREUM DISCOUNT 4 grams dmt dimethyltryptamine,"Buy price
USD 250.00

(0.2015 BTC)",visualtraveller,"Views: 8 / Bids: Fixed price
Quantity left: Unlimited",ETHEREUM DISCOUNT 4 grams dmt dimethyltryptamine,Psychedelics,DMT,ETHEREUM DISCOUNT 4 grams dmt dimethyltryptamine,"Sold by visualtraveller -
0 sold since Apr 10, 2017Î¾Î¾Vendor Level 1Î¾Trust Level 4",Purchase price: USD 250.00,30,Drugs & ChemicalsDrugs & Chemicals,Psychedelics,"DMT Pure Crystal 50g (N,N-Dimethyltryptamine)  Š…ÄŠ…Ä FULL ESCROW Š…ÄŠ…Ä 100% delivery","Buy price
USD 1,450.00

(1.1686 BTC)",masturba.TOR,"Views: 21 / Bids: Fixed price
Quantity left: Unlimited","DMT Pure Crystal 50g (N,N-Dimethyltryptamine)  Š…ÄŠ…Ä FULL ESCROW Š…ÄŠ…Ä 100% delivery",Psychedelics,DMT,"DMT Pure Crystal 50g (N,N-Dimethyltryptamine)  Š…ÄŠ…Ä ...","Sold by masturba.TOR -
0 sold since Apr 19, 2017Î¾Î¾Vendor Level 1Î¾Trust Level 3","Purchase price: USD 1,450.00",21,Drugs & ChemicalsDrugs & Chemicals,Psychedelics,BETTER THAN STARBUCKS GIFT CARDS - $1.50 - 2 Free Starbucks Drinks - OR - 1 Drink/1 Food Item,"Buy price
USD 1.50

(0.0012 BTC)",WEEDnBEANS,"Views: 429 / Bids: Fixed price
Quantity left: 48",BETTER THAN STARBUCKS GIFT CARDS - $1.50 - 2 Free Starbucks Drinks - OR - 1 Drink/1 Food Item,Psychedelics,DMT,BETTER THAN STARBUCKS GIFT CARDS - $1.50 - 2 Free ...,"Sold by WEEDnBEANS -
21 sold since Feb 13, 2017Î¾Î¾Vendor Level 3Î¾Trust Level 4",Purchase price: USD 1.50,8,Drugs & ChemicalsDrugs & Chemicals,Psychedelics,5g Changa DMT 48% (Ayahuasca experience),"Buy price
USD 221.00

(0.1781 BTC)",Shoden,"Views: 131 / Bids: Fixed price
Quantity left: Unlimited",5g Changa DMT 48% (Ayahuasca experience),Psychedelics,DMT,5g Changa DMT 48% (Ayahuasca experience),"Sold by Shoden -
0 sold since Feb 16, 2017Î¾Î¾Vendor Level 1Î¾Trust Level 3",Purchase price: USD 221.00,22,Drugs & ChemicalsDrugs & Chemicals,Psychedelics,Freebase DMT crystals - The Spirit Molecule. 0.25 gram,"Buy price
USD 24.37

(0.0197 BTC)",Blue_Fairy,"Views: 5320 / Bids: Fixed price
Quantity left: 45",Freebase DMT crystals - The Spirit Molecule. 0.25 gram,Psychedelics,DMT,Freebase DMT crystals - The Spirit Molecule. 0.25 ...,"Sold by Blue_Fairy -
176 sold since Mar 11, 2016Î¾Î¾Vendor Level 5Î¾Trust Level 5",Purchase price: USD 24.37,3,Drugs & ChemicalsDrugs & Chemicals,Psychedelics,1 GR. PURE DMT,"Buy price
USD 185.73

(0.1497 BTC)",FrankMatthews,null,1 GR. PURE DMT,Psychedelics,DMT,1 GR. PURE DMT,"Sold by FrankMatthews -
5 sold since Oct 26, 2016Î¾Î¾Vendor Level 10Î¾Trust Level 10",Purchase price: USD 185.73,13,Drugs & ChemicalsDrugs & Chemicals,Psychedelics,2 grams dmt dimethyltryptamine,"Buy price
USD 120.00

(0.0967 BTC)",visualtraveller,"Views: 339 / Bids: Fixed price
Quantity left: Unlimited",2 grams dmt dimethyltryptamine,Psychedelics,DMT,2 grams dmt dimethyltryptamine,"Sold by visualtraveller -
9 sold since Dec 16, 2016Î¾Î¾Vendor Level 1Î¾Trust Level 4",Purchase price: USD 120.00,11,Drugs & ChemicalsDrugs & Chemicals,Psychedelics,CHANGA 100mg 50% DMT (free express shipping),"Buy price
USD 15.34

(0.0124 BTC)",skylerpinkman,"Views: 11844 / Bids: Fixed price
Quantity left: 8",CHANGA 100mg 50% DMT (free express shipping),Psychedelics,DMT,CHANGA 100mg 50% DMT (free express shipping),"Sold by skylerpinkman -
300 sold since Sep 27, 2015Î¾Î¾Vendor Level 6Î¾Trust Level 6",Purchase price: USD 15.34,2,Drugs & ChemicalsDrugs & Chemicals,Psychedelics,1g Changa 50% DMT - Containing Ayahuasca - Full Escrow,"Buy price
USD 60.00

(0.0483 BTC)",third_eye,"Views: 520 / Bids: Fixed price
Quantity left: Unlimited",1g Changa 50% DMT - Containing Ayahuasca - Full Escrow,Psychedelics,DMT,1g Changa 50% DMT - Containing Ayahuasca - Full Es...,"Sold by third_eye -
31 sold since Mar 22, 2017Î¾Î¾Vendor Level 1Î¾Trust Level 3",Purchase price: USD 60.00,7,Drugs & ChemicalsDrugs & Chemicals,Psychedelics,ETHEREUM DISCOUNT 3.5 grams dmt dimethyltryptamine,"Buy price
USD 190.00

(0.1529 BTC)",visualtraveller,"Views: 10 / Bids: Fixed price
Quantity left: Unlimited",ETHEREUM DISCOUNT 3.5 grams dmt dimethyltryptamine,Psychedelics,DMT,ETHEREUM DISCOUNT 3.5 grams dmt dimethyltryptamine,"Sold by visualtraveller -
0 sold since Apr 10, 2017Î¾Î¾Vendor Level 1Î¾Trust Level 4",Purchase price: USD 190.00,29,Drugs & ChemicalsDrugs & Chemicals,Psychedelics,"6g Dream Sand N,N-DMT (64 USD per gram)","Buy price
USD 384.00

(0.3095 BTC)",Noumena,"Views: 60 / Bids: Fixed price
Quantity left: Unlimited","6g Dream Sand N,N-DMT (64 USD per gram)",Psychedelics,DMT,"6g Dream Sand N,N-DMT (64 USD per gram)","Sold by Noumena -
0 sold since Mar 23, 2017Î¾Î¾Vendor Level 8Î¾Trust Level 7",Purchase price: USD 384.00,21,Drugs & ChemicalsDrugs & Chemicals,Psychedelics,2000mg DMT Crystal Hand MHRB Extraction,"Buy price
USD 149.00

(0.1201 BTC)",LoveIsTheKey,null,2000mg DMT Crystal Hand MHRB Extraction,Psychedelics,DMT,2000mg DMT Crystal Hand MHRB Extraction,"Sold by LoveIsTheKey -
6 sold since Sep 28, 2016Î¾Î¾Vendor Level 7Î¾Trust Level 6",Purchase price: USD 149.00,12,Drugs & ChemicalsDrugs & Chemicals,Psychedelics,Powdered Mimosa Hostilis Root Bark from Brazil ! HIGHEST YIELD! 100g,"Buy price
USD 85.00

(0.0685 BTC)",ChemBros,"Views: 112 / Bids: Fixed price
Quantity left: Unlimited",Powdered Mimosa Hostilis Root Bark from Brazil ! HIGHEST YIELD! 100g,Psychedelics,DMT,Powdered Mimosa Hostilis Root Bark from Brazil ! H...,"Sold by ChemBros -
0 sold since Mar 7, 2017Î¾Î¾Vendor Level 3Î¾Trust Level 5",Purchase price: USD 85.00,21,Drugs & ChemicalsDrugs & Chemicals,Psychedelics,"DMT (100mg, 500mg, 1(g), 5(g)) listing","Buy price
USD 8.00

(0.0064 BTC)",circusofvalues,null,"DMT (100mg, 500mg, 1(g), 5(g)) listing",Psychedelics,DMT,"DMT (100mg, 500mg, 1(g), 5(g)) listing","Sold by circusofvalues -
23 sold since Mar 8, 2017Î¾Î¾Vendor Level 1Î¾Trust Level 3",null,8,Drugs & ChemicalsDrugs & Chemicals,Psychedelics,CHANGA  5g  Relaxing Blend,"Buy price
USD 150.00

(0.1207 BTC)",LoveIsTheKey,null,CHANGA  5g  Relaxing Blend,Psychedelics,DMT,CHANGA  5g  Relaxing Blend,"Sold by LoveIsTheKey -
0 sold since Jan 7, 2017Î¾Î¾Vendor Level 7Î¾Trust Level 6",Purchase price: USD 150.00,29,Drugs & ChemicalsDrugs & Chemicals,Psychedelics,Mimosa Hostilis Root Bark - 100g,"Buy price
USD 30.00

(0.0241 BTC)",blackhand,"Views: 1978 / Bids: Fixed price
Quantity left: Unlimited",Mimosa Hostilis Root Bark - 100g,Psychedelics,DMT,Mimosa Hostilis Root Bark - 100g,"Sold by blackhand -
33 sold since Aug 3, 2016Î¾Î¾Vendor Level 4Î¾Trust Level 6",Purchase price: USD 30.00,6,Drugs & ChemicalsDrugs & Chemicals,Psychedelics,Freebase DMT The Spirit Molecule 0.5gram,"Buy price
USD 39.61

(0.0320 BTC)",Blue_Fairy,"Views: 4439 / Bids: Fixed price
Quantity left: Unlimited",Freebase DMT The Spirit Molecule 0.5gram,Psychedelics,DMT,Freebase DMT The Spirit Molecule 0.5gram,"Sold by Blue_Fairy -
195 sold since Mar 11, 2016Î¾Î¾Vendor Level 5Î¾Trust Level 5",Purchase price: USD 39.61,3,Drugs & ChemicalsDrugs & Chemicals,Psychedelics,"500 Milligram Dutch Quality DMT Crystal || Spirit Molecule || n,n DMT","Buy price
USD 64.09

(0.0516 BTC)",Dutchdrugz,null,"500 Milligram Dutch Quality DMT Crystal || Spirit Molecule || n,n DMT",Psychedelics,DMT,500 Milligram Dutch Quality DMT Crystal || Spirit ...,"Sold by Dutchdrugz -
28 sold since Jun 10, 2015Î¾Î¾Vendor Level 5Î¾Trust Level 6",Purchase price: USD 64.09,7,Drugs & ChemicalsDrugs & Chemicals,Psychedelics,AYAHUASCA CIELO (CAAPI YELLOW) - BEST QUALITY OF AYAHUASCA HERB! - 500GRAMS,"Buy price
USD 79.90

(0.0644 BTC)",MicroDroper,"Views: 149 / Bids: Fixed price
Quantity left: Unlimited",AYAHUASCA CIELO (CAAPI YELLOW) - BEST QUALITY OF AYAHUASCA HERB! - 500GRAMS,Psychedelics,DMT,AYAHUASCA CIELO (CAAPI YELLOW) - BEST QUALITY OF A...,"Sold by MicroDroper -
0 sold since Jan 9, 2017Î¾Î¾Vendor Level 2Î¾Trust Level 6",Purchase price: USD 79.90,24,Drugs & ChemicalsDrugs & Chemicals,Psychedelics,"UPDATED: DMT Synthesis Guide NEW Unpublished sell for up to $140,000/kg","Buy price
USD 10,000.00

(8.0596 BTC)",p3nd8s,"Views: 3179 / Bids: Fixed price
Quantity left: Unlimited","UPDATED: DMT Synthesis Guide NEW Unpublished sell for up to $140,000/kg",Psychedelics,DMT,UPDATED: DMT Synthesis Guide NEW Unpublished sell ...,"Sold by p3nd8s -
1 sold since Nov 11, 2015Î¾Î¾Vendor Level 3Î¾Trust Level 6","Purchase price: USD 10,000.00",19,Drugs & ChemicalsDrugs & Chemicals,Psychedelics,DMT - 0.25g!!!! DIMETHYLTRYPTAMINE WHITE ***** PURE,"Buy price
USD 85.53

(0.0689 BTC)",narkoticz,"Views: 321 / Bids: Fixed price
Quantity left: Unlimited",DMT - 0.25g!!!! DIMETHYLTRYPTAMINE WHITE ***** PURE,Psychedelics,DMT,DMT - 0.25g!!!! DIMETHYLTRYPTAMINE WHITE ***** PUR...,"Sold by narkoticz -
0 sold since Jun 12, 2016Î¾Î¾Vendor Level 1Î¾Trust Level 3",Purchase price: USD 85.53,27,Drugs & ChemicalsDrugs & Chemicals,Psychedelics,"Š…ÄŠ…ÄŠ…Ä3.5 grams 3500mg PURE N,N-DMTŠ…ÄŠ…ÄŠ…Ä$525 [ESCROW]Š…ÄŠ…ÄŠ…ÄAU ONLYŠ…ÄŠ…ÄŠ…ÄFREE EXPRESSŠ…ÄŠ…ÄŠ…Ä","Buy price
USD 399.15

(0.3217 BTC)",DimitriBros,null,"Š…ÄŠ…ÄŠ…Ä3.5 grams 3500mg PURE N,N-DMTŠ…ÄŠ…ÄŠ…Ä$525 [ESCROW]Š…ÄŠ…ÄŠ…ÄAU ONLYŠ…ÄŠ…ÄŠ…ÄFREE EXPRESSŠ…ÄŠ…ÄŠ…Ä",Psychedelics,DMT,"Š…ÄŠ…ÄŠ…Ä3.5 grams 3500mg PURE N,N-DMTŠ…ÄŠ…ÄŠ…Ä$525 [ESCROW]Š…ÄŠ…Ä...","Sold by DimitriBros -
2 sold since Jul 28, 2016Î¾Î¾Vendor Level 1Î¾Trust Level 4",Purchase price: USD 399.15,16,Drugs & ChemicalsDrugs & Chemicals,Psychedelics,"DMT Pure Crystal 10g (N,N-Dimethyltryptamine) sample Š…ÄŠ…Ä FULL ESCROW Š…ÄŠ…Ä 100% delivery","Buy price
USD 365.00

(0.2942 BTC)",masturba.TOR,"Views: 28 / Bids: Fixed price
Quantity left: Unlimited","DMT Pure Crystal 10g (N,N-Dimethyltryptamine) sample Š…ÄŠ…Ä FULL ESCROW Š…ÄŠ…Ä 100% delivery",Psychedelics,DMT,"DMT Pure Crystal 10g (N,N-Dimethyltryptamine) samp...","Sold by masturba.TOR -
0 sold since Apr 18, 2017Î¾Î¾Vendor Level 1Î¾Trust Level 3",Purchase price: USD 365.00,28,Drugs & ChemicalsDrugs & Chemicals,Psychedelics,"2g Desert Dream N,N-DMT (58 USD per gram)","Buy price
USD 116.00

(0.0936 BTC)",Noumena,"Views: 3323 / Bids: Fixed price
Quantity left: Unlimited","2g Desert Dream N,N-DMT (58 USD per gram)",Psychedelics,DMT,"2g Desert Dream N,N-DMT (58 USD per gram)","Sold by Noumena -
181 sold since Sep 21, 2015Î¾Î¾Vendor Level 8Î¾Trust Level 7",Purchase price: USD 116.00,3,Drugs & ChemicalsDrugs & Chemicals,Psychedelics,"300mg Desert Dream N,N-DMT (64 USD per gram)","Buy price
USD 19.20

(0.0155 BTC)",Noumena,"Views: 9254 / Bids: Fixed price
Quantity left: Unlimited","300mg Desert Dream N,N-DMT (64 USD per gram)",Psychedelics,DMT,"300mg Desert Dream N,N-DMT (64 USD per gram)","Sold by Noumena -
572 sold since Sep 21, 2015Î¾Î¾Vendor Level 8Î¾Trust Level 7",Purchase price: USD 19.20,2,Drugs & ChemicalsDrugs & Chemicals,Psychedelics,500mg CHANGA 50% DMT Crystal,"Buy price
USD 35.00

(0.0282 BTC)",LoveIsTheKey,"Views: 14535 / Bids: Fixed price
Quantity left: Unlimited",500mg CHANGA 50% DMT Crystal,Psychedelics,DMT,500mg CHANGA 50% DMT Crystal,"Sold by LoveIsTheKey -
410 sold since Sep 6, 2015Î¾Î¾Vendor Level 7Î¾Trust Level 6",Purchase price: USD 35.00,2,Drugs & ChemicalsDrugs & Chemicals,Psychedelics,DMT 0.50gr 30 euro FREE SHIPPING,"Buy price
USD 31.54

(0.0254 BTC)",187Ghost,"Views: 83 / Bids: Fixed price
Quantity left: Unlimited",DMT 0.50gr 30 euro FREE SHIPPING,Psychedelics,DMT,DMT 0.50gr 30 euro FREE SHIPPING,"Sold by 187Ghost -
3 sold since Mar 5, 2017Î¾Î¾Vendor Level 1Î¾Trust Level 3",Purchase price: USD 31.54,15,Drugs & ChemicalsDrugs & Chemicals,Psychedelics,1g CHANGA 50% Pure DMT,"Buy price
USD 46.00

(0.0371 BTC)",DMT-lovestore,"Views: 6892 / Bids: Fixed price
Quantity left: Unlimited",1g CHANGA 50% Pure DMT,Psychedelics,DMT,1g CHANGA 50% Pure DMT,"Sold by DMT-lovestore -
232 sold since Nov 6, 2015Î¾Î¾Vendor Level 5Î¾Trust Level 5",Purchase price: USD 46.00,3,Drugs & ChemicalsDrugs & Chemicals,Psychedelics,DMT freebase - 150 mg capsules || Ayahuasca experience,"Buy price
USD 25.95

(0.0209 BTC)",Psychonauta01,"Views: 368 / Bids: Fixed price
Quantity left: 6",DMT freebase - 150 mg capsules || Ayahuasca experience,Psychedelics,DMT,DMT freebase - 150 mg capsules || Ayahuasca experi...,"Sold by Psychonauta01 -
4 sold since Jan 1, 2017Î¾Î¾Vendor Level 2Î¾Trust Level 4",Purchase price: USD 25.95,13,Drugs & ChemicalsDrugs & Chemicals,Psychedelics,"100g Desert Dream N,N-DMT (42.5 USD per gram)","Buy price
USD 4,248.50

(3.4159 BTC)",Noumena,"Views: 80 / Bids: Fixed price
Quantity left: Unlimited","100g Desert Dream N,N-DMT (42.5 USD per gram)",Psychedelics,DMT,"100g Desert Dream N,N-DMT (42.5 USD per gram)","Sold by Noumena -
0 sold since Mar 13, 2017Î¾Î¾Vendor Level 8Î¾Trust Level 7","Purchase price: USD 4,248.50",20,Drugs & ChemicalsDrugs & Chemicals,Psychedelics,AYAHUASCA Ready To Drink two dose only here,"Buy price
USD 88.00

(0.0708 BTC)",LoveIsTheKey,"Views: 4251 / Bids: Fixed price
Quantity left: Unlimited",AYAHUASCA Ready To Drink two dose only here,Psychedelics,DMT,AYAHUASCA Ready To Drink two dose only here,"Sold by LoveIsTheKey -
44 sold since Sep 6, 2015Î¾Î¾Vendor Level 7Î¾Trust Level 6",Purchase price: USD 88.00,6,Drugs & ChemicalsDrugs & Chemicals,Psychedelics,DMT 500 mg (1/2g)  - Pure crystals - High quality - Express Post - Escrow,"Buy price
USD 104.97

(0.0847 BTC)",MrDMT,null,DMT 500 mg (1/2g)  - Pure crystals - High quality - Express Post - Escrow,Psychedelics,DMT,DMT 500 mg (1/2g)  - Pure crystals - High quality ...,"Sold by MrDMT -
56 sold since Jan 26, 2016Î¾Î¾Vendor Level 6Î¾Trust Level 6",Purchase price: USD 104.97,5,Drugs & ChemicalsDrugs & Chemicals,Psychedelics,500mg NN-DMT,"Buy price
USD 82.77

(0.0666 BTC)",McKennaInc.,null,500mg NN-DMT,Psychedelics,DMT,500mg NN-DMT,"Sold by McKennaInc. -
44 sold since Oct 26, 2016Î¾Î¾Vendor Level 2Î¾Trust Level 4",Purchase price: USD 82.77,6,Drugs & ChemicalsDrugs & Chemicals,Psychedelics,5g PARTY Strenght 33% DMT Changa. Buy 4 get 5.  FREE UK POST.,"Buy price
USD 185.39

(0.1491 BTC)",Weed4bits2,"Views: 721 / Bids: Fixed price
Quantity left: Unlimited",5g PARTY Strenght 33% DMT Changa. Buy 4 get 5.  FREE UK POST.,Psychedelics,DMT,5g PARTY Strenght 33% DMT Changa. Buy 4 get 5.  FR...,"Sold by Weed4bits2 -
4 sold since May 11, 2016Î¾Î¾Vendor Level 3Î¾Trust Level 5",Purchase price: USD 185.39,14,Drugs & ChemicalsDrugs & Chemicals,Psychedelics,"10g white n,n-DMT, 99.0% Purity! custom listing","Buy price
USD 539.32

(0.4347 BTC)",multiexciter,"Views: 961 / Bids: Fixed price
Quantity left: 2","10g white n,n-DMT, 99.0% Purity! custom listing",Psychedelics,DMT,"10g white n,n-DMT, 99.0% Purity! custom listing","Sold by multiexciter -
16 sold since Nov 13, 2015Î¾Î¾Vendor Level 7Î¾Trust Level 7",Purchase price: USD 539.32,9,Drugs & ChemicalsDrugs & Chemicals,Psychedelics,"40g Desert Dream N,N-DMT (44.5 USD per gram)","Buy price
USD 1,780.30

(1.4348 BTC)",Noumena,"Views: 68 / Bids: Fixed price
Quantity left: Unlimited","40g Desert Dream N,N-DMT (44.5 USD per gram)",Psychedelics,DMT,"40g Desert Dream N,N-DMT (44.5 USD per gram)","Sold by Noumena -
0 sold since Mar 13, 2017Î¾Î¾Vendor Level 8Î¾Trust Level 7","Purchase price: USD 1,780.30",28,Drugs & ChemicalsDrugs & Chemicals,Psychedelics,100gr of Pure 100% Powdered Organic Brazilian Mimosa Hostilis,"Buy price
USD 13.95

(0.0112 BTC)",pinealguru,"Views: 437 / Bids: Fixed price
Quantity left: 10",100gr of Pure 100% Powdered Organic Brazilian Mimosa Hostilis,Psychedelics,DMT,100gr of Pure 100% Powdered Organic Brazilian Mimo...,"Sold by pinealguru -
0 sold since Jan 2, 2016Î¾Î¾Vendor Level 1Î¾Trust Level 5",Purchase price: USD 13.95,29,Drugs & ChemicalsDrugs & Chemicals,Psychedelics,"DMT Pure Crystal 1g (N,N-Dimethyltryptamine) sample Š…ÄŠ…Ä FULL ESCROW Š…ÄŠ…Ä 100% delivery","Buy price
USD 55.00

(0.0443 BTC)",masturba.TOR,"Views: 34 / Bids: Fixed price
Quantity left: Unlimited","DMT Pure Crystal 1g (N,N-Dimethyltryptamine) sample Š…ÄŠ…Ä FULL ESCROW Š…ÄŠ…Ä 100% delivery",Psychedelics,DMT,"DMT Pure Crystal 1g (N,N-Dimethyltryptamine) sampl...","Sold by masturba.TOR -
0 sold since Apr 18, 2017Î¾Î¾Vendor Level 1Î¾Trust Level 3",Purchase price: USD 55.00,28,Drugs & ChemicalsDrugs & Chemicals,Psychedelics,"4g Desert Dream N,N-DMT (56 USD per gram)","Buy price
USD 224.00

(0.1805 BTC)",Noumena,"Views: 68 / Bids: Fixed price
Quantity left: Unlimited","4g Desert Dream N,N-DMT (56 USD per gram)",Psychedelics,DMT,"4g Desert Dream N,N-DMT (56 USD per gram)","Sold by Noumena -
1 sold since Mar 20, 2017Î¾Î¾Vendor Level 8Î¾Trust Level 7",Purchase price: USD 224.00,19,Drugs & ChemicalsDrugs & Chemicals,Psychedelics,Powdered Mimosa Hostilis Root Bark from Brazil ! HIGHEST YIELD! 500G,"Buy price
USD 300.00

(0.2418 BTC)",ChemBros,"Views: 72 / Bids: Fixed price
Quantity left: Unlimited",Powdered Mimosa Hostilis Root Bark from Brazil ! HIGHEST YIELD! 500G,Psychedelics,DMT,Powdered Mimosa Hostilis Root Bark from Brazil ! H...,"Sold by ChemBros -
0 sold since Mar 7, 2017Î¾Î¾Vendor Level 3Î¾Trust Level 5",Purchase price: USD 300.00,28,Drugs & ChemicalsDrugs & Chemicals,Psychedelics,1.75 grams dmt dimethyltryptamine,"Buy price
USD 105.00

(0.0846 BTC)",visualtraveller,"Views: 169 / Bids: Fixed price
Quantity left: Unlimited",1.75 grams dmt dimethyltryptamine,Psychedelics,DMT,1.75 grams dmt dimethyltryptamine,"Sold by visualtraveller -
1 sold since Dec 19, 2016Î¾Î¾Vendor Level 1Î¾Trust Level 4",Purchase price: USD 105.00,18,Drugs & ChemicalsDrugs & Chemicals,Psychedelics,1g PARTY Strenght 33% DMT Changa. Buy 4 get 5.  FREE UK POST.,"Buy price
USD 45.43

(0.0366 BTC)",Weed4bits2,"Views: 1638 / Bids: Fixed price
Quantity left: Unlimited",1g PARTY Strenght 33% DMT Changa. Buy 4 get 5.  FREE UK POST.,Psychedelics,DMT,1g PARTY Strenght 33% DMT Changa. Buy 4 get 5.  FR...,"Sold by Weed4bits2 -
40 sold since May 11, 2016Î¾Î¾Vendor Level 3Î¾Trust Level 5",Purchase price: USD 45.43,6,Drugs & ChemicalsDrugs & Chemicals,Psychedelics,5KG Mimosa Hostilis Root Bark (Brasil) *Highest quality on DNMs*,"Buy price
USD 550.00

(0.4427 BTC)",TheSpunshipEnterprise,"Views: 210 / Bids: Fixed price
Quantity left: Unlimited",5KG Mimosa Hostilis Root Bark (Brasil) *Highest quality on DNMs*,Psychedelics,DMT,5KG Mimosa Hostilis Root Bark (Brasil) *Highest qu...,"Sold by TheSpunshipEnterprise -
0 sold since Dec 9, 2016Î¾Î¾Vendor Level 1Î¾Trust Level 4",Purchase price: USD 550.00,26,Drugs & ChemicalsDrugs & Chemicals,Psychedelics,BRAND NEW! Š“Â 3g OPENING SALE Š“Â 100% BIO CHANGA Š“Â 60%DMT + MAOI Š“Â Germany based Š“Â Free EU Shipping,"Buy price
USD 210.00

(0.1693 BTC)",Changa123,"Views: 59 / Bids: Fixed price
Quantity left: 20",BRAND NEW! Š“Â 3g OPENING SALE Š“Â 100% BIO CHANGA Š“Â 60%DMT + MAOI Š“Â Germany based Š“Â Free EU Shipping,Psychedelics,DMT,BRAND NEW! Š“Â 3g OPENING SALE Š“Â 100% BIO CHANGA Š“Â 6...,"Sold by Changa123 -
0 sold since Feb 27, 2017Î¾Î¾Vendor Level 1Î¾Trust Level 3",Purchase price: USD 210.00,21,Drugs & ChemicalsDrugs & Chemicals,Psychedelics,200mg of Premium Organic Blend Changa / Extremely Potent - (See description for detailed info),"Buy price
USD 60.00

(0.0484 BTC)",tryptaminded,"Views: 227 / Bids: Fixed price
Quantity left: 7",200mg of Premium Organic Blend Changa / Extremely Potent - (See description for detailed info),Psychedelics,DMT,200mg of Premium Organic Blend Changa / Extremely ...,"Sold by tryptaminded -
3 sold since Feb 21, 2017Î¾Î¾Vendor Level 1Î¾Trust Level 6",Purchase price: USD 60.00,15,Drugs & ChemicalsDrugs & Chemicals,Psychedelics,"5g Dream Sand N,N-DMT (65 USD per gram)","Buy price
USD 325.00

(0.2619 BTC)",Noumena,"Views: 344 / Bids: Fixed price
Quantity left: Unlimited","5g Dream Sand N,N-DMT (65 USD per gram)",Psychedelics,DMT,"5g Dream Sand N,N-DMT (65 USD per gram)","Sold by Noumena -
16 sold since Aug 21, 2016Î¾Î¾Vendor Level 8Î¾Trust Level 7",Purchase price: USD 325.00,9,Drugs & ChemicalsDrugs & Chemicals,Psychedelics,"10g Dream Sand N,N-DMT (63.5 USD per gram)","Buy price
USD 635.00

(0.5118 BTC)",Noumena,"Views: 324 / Bids: Fixed price
Quantity left: 3","10g Dream Sand N,N-DMT (63.5 USD per gram)",Psychedelics,DMT,"10g Dream Sand N,N-DMT (63.5 USD per gram)","Sold by Noumena -
2 sold since Jun 2, 2016Î¾Î¾Vendor Level 8Î¾Trust Level 7",Purchase price: USD 635.00,16,Drugs & ChemicalsDrugs & Chemicals,Psychedelics,"DMT, 1g fuller spectrum extraction","Buy price
USD 95.00

(0.0766 BTC)",EveAdamstein,"Views: 30 / Bids: Fixed price
Quantity left: 6","DMT, 1g fuller spectrum extraction",Psychedelics,DMT,"DMT, 1g fuller spectrum extraction","Sold by EveAdamstein -
0 sold since Apr 11, 2017Î¾Î¾Vendor Level 1Î¾Trust Level 3",Purchase price: USD 95.00,27,Drugs & ChemicalsDrugs & Chemicals,Psychedelics,"DMT Pure Crystal 20g (N,N-Dimethyltryptamine) sample Š…ÄŠ…Ä FULL ESCROW Š…ÄŠ…Ä 100% delivery","Buy price
USD 665.00

(0.5353 BTC)",masturba.TOR,"Views: 24 / Bids: Fixed price
Quantity left: Unlimited","DMT Pure Crystal 20g (N,N-Dimethyltryptamine) sample Š…ÄŠ…Ä FULL ESCROW Š…ÄŠ…Ä 100% delivery",Psychedelics,DMT,"DMT Pure Crystal 20g (N,N-Dimethyltryptamine) samp...","Sold by masturba.TOR -
0 sold since Apr 19, 2017Î¾Î¾Vendor Level 1Î¾Trust Level 3",Purchase price: USD 665.00,29,Drugs & ChemicalsDrugs & Chemicals,Psychedelics,500 mg PURE DMT CRYSTALS,"Buy price
USD 78.00

(0.0629 BTC)",PussyDrugs,"Views: 184 / Bids: Fixed price
Quantity left: Unlimited",500 mg PURE DMT CRYSTALS,Psychedelics,DMT,500 mg PURE DMT CRYSTALS,"Sold by PussyDrugs -
0 sold since Dec 26, 2016Î¾Î¾Vendor Level 1Î¾Trust Level 4",Purchase price: USD 78.00,25,Drugs & ChemicalsDrugs & Chemicals,Psychedelics,"DMT crystals - The Spirit Molecule. I.0 gram of N,N-DMT crystals April Sale","Buy price
USD 69.79

(0.0563 BTC)",Blue_Fairy,"Views: 2764 / Bids: Fixed price
Quantity left: 25","DMT crystals - The Spirit Molecule. I.0 gram of N,N-DMT crystals April Sale",Psychedelics,DMT,"DMT crystals - The Spirit Molecule. I.0 gram of N,...","Sold by Blue_Fairy -
82 sold since Mar 11, 2016Î¾Î¾Vendor Level 5Î¾Trust Level 5",Purchase price: USD 69.79,4,Drugs & ChemicalsDrugs & Chemicals,Psychedelics,5.0g DMT Freebase (NN-DMT),"Buy price
USD 225.85

(0.1820 BTC)",JonnyRambo,"Views: 167 / Bids: Fixed price
Quantity left: Unlimited",5.0g DMT Freebase (NN-DMT),Psychedelics,DMT,5.0g DMT Freebase (NN-DMT),"Sold by JonnyRambo -
1 sold since Feb 24, 2017Î¾Î¾Vendor Level 2Î¾Trust Level 3",Purchase price: USD 225.85,18,Drugs & ChemicalsDrugs & Chemicals,Psychedelics,DMT (5000mg),"Buy price
USD 220.00

(0.1773 BTC)",GoodieMart,"Views: 100 / Bids: Fixed price
Quantity left: Unlimited",DMT (5000mg),Psychedelics,DMT,DMT (5000mg),"Sold by GoodieMart -
0 sold since Mar 29, 2017Î¾Î¾Vendor Level 1Î¾Trust Level 3",Purchase price: USD 220.00,21,Drugs & ChemicalsDrugs & Chemicals,Psychedelics,"DMT Pure Crystal 50g (N,N-Dimethyltryptamine) sample Š…ÄŠ…Ä FULL ESCROW Š…ÄŠ…Ä 100% delivery","Buy price
USD 1,450.00

(1.1686 BTC)",masturba.TOR,"Views: 21 / Bids: Fixed price
Quantity left: Unlimited","DMT Pure Crystal 50g (N,N-Dimethyltryptamine) sample Š…ÄŠ…Ä FULL ESCROW Š…ÄŠ…Ä 100% delivery",Psychedelics,DMT,"DMT Pure Crystal 50g (N,N-Dimethyltryptamine) samp...","Sold by masturba.TOR -
0 sold since Apr 19, 2017Î¾Î¾Vendor Level 1Î¾Trust Level 3","Purchase price: USD 1,450.00",21,Drugs & ChemicalsDrugs & Chemicals,Psychedelics,1000mg / 1g Freshly Extracted AUSTRALIAN Pure Crystal DMT! FREE EXPRESS!,"Buy price
USD 134.94

(0.1088 BTC)",Moosemate,null,1000mg / 1g Freshly Extracted AUSTRALIAN Pure Crystal DMT! FREE EXPRESS!,Psychedelics,DMT,1000mg / 1g Freshly Extracted AUSTRALIAN Pure Crys...,"Sold by Moosemate -
13 sold since Sep 5, 2016Î¾Î¾Vendor Level 2Î¾Trust Level 5",null,9,Drugs & ChemicalsDrugs & Chemicals,Psychedelics,DMT 1000 mg (1g)  - Pure crystals - High quality - Express Post - Escrow,"Buy price
USD 197.62

(0.1593 BTC)",MrDMT,null,DMT 1000 mg (1g)  - Pure crystals - High quality - Express Post - Escrow,Psychedelics,DMT,DMT 1000 mg (1g)  - Pure crystals - High quality -...,"Sold by MrDMT -
8 sold since Jan 26, 2016Î¾Î¾Vendor Level 6Î¾Trust Level 6",Purchase price: USD 197.62,11,Drugs & ChemicalsDrugs & Chemicals,Psychedelics,ETHEREUM DISCOUNT 12 grams dmt dimethyltryptamine,"Buy price
USD 625.00

(0.5037 BTC)",visualtraveller,"Views: 65 / Bids: Fixed price
Quantity left: Unlimited",ETHEREUM DISCOUNT 12 grams dmt dimethyltryptamine,Psychedelics,DMT,ETHEREUM DISCOUNT 12 grams dmt dimethyltryptamine,"Sold by visualtraveller -
0 sold since Jan 6, 2017Î¾Î¾Vendor Level 1Î¾Trust Level 4",Purchase price: USD 625.00,27,Drugs & ChemicalsDrugs & Chemicals,Psychedelics,Quality fluffy white DMT 150mg,"Buy price
USD 20.66

(0.0167 BTC)",SpaceyElf,"Views: 2710 / Bids: Fixed price
Quantity left: Unlimited",Quality fluffy white DMT 150mg,Psychedelics,DMT,Quality fluffy white DMT 150mg,"Sold by SpaceyElf -
159 sold since Sep 4, 2016Î¾Î¾Vendor Level 6Î¾Trust Level 6",Purchase price: USD 20.66,3,Drugs & ChemicalsDrugs & Chemicals,Psychedelics,FREE SAMPLE 700mg nn-dmt FREE WORLDWIDE SHIPPING,"Buy price
USD 0.00

(0.0000 BTC)",visualtraveller,"Views: 2372 / Bids: Fixed price
Quantity left: Unlimited",FREE SAMPLE 700mg nn-dmt FREE WORLDWIDE SHIPPING,Psychedelics,DMT,FREE SAMPLE 700mg nn-dmt FREE WORLDWIDE SHIPPING,"Sold by visualtraveller -
5 sold since Dec 16, 2016Î¾Î¾Vendor Level 1Î¾Trust Level 4",Purchase price: USD 0.00,13,Drugs & ChemicalsDrugs & Chemicals,Psychedelics,Dimethyltrptamine (DMT) Vape Cartridge-Revolutionary New Technology,"Buy price
USD 70.00

(0.0564 BTC)",King.Midas,"Views: 1019 / Bids: Fixed price
Quantity left: Unlimited",Dimethyltrptamine (DMT) Vape Cartridge-Revolutionary New Technology,Psychedelics,DMT,Dimethyltrptamine (DMT) Vape Cartridge-Revolutiona...,"Sold by King.Midas -
19 sold since Jan 29, 2017Î¾Î¾Vendor Level 4Î¾Trust Level 6",Purchase price: USD 70.00,8,Drugs & ChemicalsDrugs & Chemicals,Psychedelics,100 Dutch LSD blotters 180ug-Australia Shipp,"Buy price
USD 361.21

(0.2911 BTC)",Citra2016,"Views: 212 / Bids: Fixed price
Quantity left: 50",100 Dutch LSD blotters 180ug-Australia Shipp,Psychedelics,DMT,100 Dutch LSD blotters 180ug-Australia Shipp,"Sold by Citra2016 -
1 sold since Jan 10, 2017Î¾Î¾Vendor Level 4Î¾Trust Level 4",Purchase price: USD 361.21,19,Drugs & ChemicalsDrugs & Chemicals,Psychedelics,"DMT Pure Crystal 10g (N,N-Dimethyltryptamine) sample Š…ÄŠ…Ä FULL ESCROW Š…ÄŠ…Ä 100% delivery","Buy price
USD 365.00

(0.2942 BTC)",masturba.TOR,"Views: 30 / Bids: Fixed price
Quantity left: Unlimited","DMT Pure Crystal 10g (N,N-Dimethyltryptamine) sample Š…ÄŠ…Ä FULL ESCROW Š…ÄŠ…Ä 100% delivery",Psychedelics,DMT,"DMT Pure Crystal 10g (N,N-Dimethyltryptamine) samp...","Sold by masturba.TOR -
0 sold since Apr 18, 2017Î¾Î¾Vendor Level 1Î¾Trust Level 3",Purchase price: USD 365.00,30,Drugs & ChemicalsDrugs & Chemicals,Psychedelics,1g pure DMT,"Buy price
USD 250.00

(0.2015 BTC)",daniel-smith,"Views: 22 / Bids: Fixed price
Quantity left: Unlimited",1g pure DMT,Psychedelics,DMT,1g pure DMT,"Sold by daniel-smith -
0 sold since Apr 1, 2017Î¾Î¾Vendor Level 1Î¾Trust Level 3",Purchase price: USD 250.00,30,Drugs & ChemicalsDrugs & Chemicals,Psychedelics,DMT Fumarate - 100mg,"Buy price
USD 34.21

(0.0276 BTC)",Cloud_Aviator,null,DMT Fumarate - 100mg,Psychedelics,DMT,DMT Fumarate - 100mg,"Sold by Cloud_Aviator -
1 sold since Feb 23, 2017Î¾Î¾Vendor Level 1Î¾Trust Level 3",Purchase price: USD 34.21,19,Drugs & ChemicalsDrugs & Chemicals,Psychedelics,DMT 2 gr 110 euro FREE SHIPPING,"Buy price
USD 115.66

(0.0932 BTC)",187Ghost,"Views: 50 / Bids: Fixed price
Quantity left: Unlimited",DMT 2 gr 110 euro FREE SHIPPING,Psychedelics,DMT,DMT 2 gr 110 euro FREE SHIPPING,"Sold by 187Ghost -
0 sold since Mar 5, 2017Î¾Î¾Vendor Level 1Î¾Trust Level 3",Purchase price: USD 115.66,28,Drugs & ChemicalsDrugs & Chemicals,Psychedelics,"DMT Pure Crystal 10g (N,N-Dimethyltryptamine) sample Š…ÄŠ…Ä FULL ESCROW Š…ÄŠ…Ä 100% delivery","Buy price
USD 365.00

(0.2942 BTC)",masturba.TOR,"Views: 28 / Bids: Fixed price
Quantity left: Unlimited","DMT Pure Crystal 10g (N,N-Dimethyltryptamine) sample Š…ÄŠ…Ä FULL ESCROW Š…ÄŠ…Ä 100% delivery",Psychedelics,DMT,"DMT Pure Crystal 10g (N,N-Dimethyltryptamine) samp...","Sold by masturba.TOR -
0 sold since Apr 18, 2017Î¾Î¾Vendor Level 1Î¾Trust Level 3",Purchase price: USD 365.00,22,Drugs & ChemicalsDrugs & Chemicals,Psychedelics,"DMT Pure Crystal 5g (N,N-Dimethyltryptamine) sample Š…ÄŠ…Ä FULL ESCROW Š…ÄŠ…Ä 100% delivery","Buy price
USD 55.00

(0.0443 BTC)",masturba.TOR,"Views: 26 / Bids: Fixed price
Quantity left: Unlimited","DMT Pure Crystal 5g (N,N-Dimethyltryptamine) sample Š…ÄŠ…Ä FULL ESCROW Š…ÄŠ…Ä 100% delivery",Psychedelics,DMT,"DMT Pure Crystal 5g (N,N-Dimethyltryptamine) sampl...","Sold by masturba.TOR -
0 sold since Apr 18, 2017Î¾Î¾Vendor Level 1Î¾Trust Level 3",Purchase price: USD 55.00,30,Drugs & ChemicalsDrugs & Chemicals,Psychedelics,1 GRAM  WHITE DREAM(DMT 100%)+100MG GOLDEN DREAM(DMT 80-90%)(free shipping),"Buy price
USD 63.69

(0.0513 BTC)",Dmt-King,"Views: 469 / Bids: Fixed price
Quantity left: Unlimited",1 GRAM  WHITE DREAM(DMT 100%)+100MG GOLDEN DREAM(DMT 80-90%)(free shipping),Psychedelics,DMT,1 GRAM  WHITE DREAM(DMT 100%)+100MG GOLDEN DREAM(D...,"Sold by Dmt-King -
6 sold since Dec 3, 2016Î¾Î¾Vendor Level 2Î¾Trust Level 4",Purchase price: USD 63.69,12,Drugs & ChemicalsDrugs & Chemicals,Psychedelics,1G DMT > Escrow <  > Free Post <  PURE,"Buy price
USD 200.00

(0.1613 BTC)",HangAbout,null,1G DMT > Escrow <  > Free Post <  PURE,Psychedelics,DMT,1G DMT > Escrow <  > Free Post <  PURE,"Sold by HangAbout -
113 sold since Jul 9, 2015Î¾Î¾Vendor Level 4Î¾Trust Level 6",Purchase price: USD 200.00,4,Drugs & ChemicalsDrugs & Chemicals,Psychedelics,MIMOSA MEDICINE Special Kit,"Buy price
USD 53.00

(0.0427 BTC)",DMT-lovestore,"Views: 926 / Bids: Fixed price
Quantity left: 9",MIMOSA MEDICINE Special Kit,Psychedelics,DMT,MIMOSA MEDICINE Special Kit,"Sold by DMT-lovestore -
5 sold since Nov 6, 2015Î¾Î¾Vendor Level 5Î¾Trust Level 5",Purchase price: USD 53.00,13,Drugs & ChemicalsDrugs & Chemicals,Psychedelics,DMT 1000 mg (1g)  - Pure crystals - High quality - Express Post - 100%FE,"Buy price
USD 188.64

(0.1520 BTC)",MrDMT,"Views: 778 / Bids: Fixed price
Quantity left: 37",DMT 1000 mg (1g)  - Pure crystals - High quality - Express Post - 100%FE,Psychedelics,DMT,DMT 1000 mg (1g)  - Pure crystals - High quality -...,"Sold by MrDMT -
9 sold since Jun 11, 2016Î¾Î¾Vendor Level 6Î¾Trust Level 6",Purchase price: USD 188.64,11,Drugs & ChemicalsDrugs & Chemicals,Psychedelics,DMT 3.50gr 200 euro FREE SHIPPING,"Buy price
USD 210.28

(0.1695 BTC)",187Ghost,"Views: 45 / Bids: Fixed price
Quantity left: Unlimited",DMT 3.50gr 200 euro FREE SHIPPING,Psychedelics,DMT,DMT 3.50gr 200 euro FREE SHIPPING,"Sold by 187Ghost -
0 sold since Mar 5, 2017Î¾Î¾Vendor Level 1Î¾Trust Level 3",Purchase price: USD 210.28,30,Drugs & ChemicalsDrugs & Chemicals,Psychedelics,0.250 grams 4-AcO-DMT fumarate ( O-Acetylpsilocin ) ~ INTRO PRICE ~ -= SHIP WORLDWIDE =-,"Buy price
USD 24.99

(0.0201 BTC)",PinkySplash,null,0.250 grams 4-AcO-DMT fumarate ( O-Acetylpsilocin ) ~ INTRO PRICE ~ -= SHIP WORLDWIDE =-,Psychedelics,DMT,0.250 grams 4-AcO-DMT fumarate ( O-Acetylpsilocin ...,"Sold by PinkySplash -
5 sold since Mar 12, 2017Î¾Î¾Vendor Level 5Î¾Trust Level 5",Purchase price: USD 24.99,13,Drugs & ChemicalsDrugs & Chemicals,Psychedelics,14 grams - CHANGA (leaf infusion),"Buy price
USD 400.00

(0.3224 BTC)",DMT4LESS,"Views: 35 / Bids: Fixed price
Quantity left: 3",14 grams - CHANGA (leaf infusion),Psychedelics,DMT,14 grams - CHANGA (leaf infusion),"Sold by DMT4LESS -
1 sold since Apr 7, 2017Î¾Î¾Vendor Level 1Î¾Trust Level 4",Purchase price: USD 400.00,19,Drugs & ChemicalsDrugs & Chemicals,Psychedelics,"14.0g white n,n-DMT, 99.0% Purity! Custom listing","Buy price
USD 737.50

(0.5944 BTC)",multiexciter,null,"14.0g white n,n-DMT, 99.0% Purity! Custom listing",Psychedelics,DMT,"14.0g white n,n-DMT, 99.0% Purity! Custom listing","Sold by multiexciter -
10 sold since Aug 2, 2016Î¾Î¾Vendor Level 7Î¾Trust Level 7",Purchase price: USD 737.50,10,Drugs & ChemicalsDrugs & Chemicals,Psychedelics,ETHEREUM DISCOUNT 9 grams dmt dimethyltryptamine,"Buy price
USD 540.00

(0.4347 BTC)",visualtraveller,"Views: 7 / Bids: Fixed price
Quantity left: Unlimited",ETHEREUM DISCOUNT 9 grams dmt dimethyltryptamine,Psychedelics,DMT,ETHEREUM DISCOUNT 9 grams dmt dimethyltryptamine,"Sold by visualtraveller -
0 sold since Apr 9, 2017Î¾Î¾Vendor Level 1Î¾Trust Level 4",Purchase price: USD 540.00,29,Drugs & ChemicalsDrugs & Chemicals,Psychedelics,DMT 14g - Pure crystals - High quality - Express Post - Escrow,"Buy price
USD 2,026.32

(1.6331 BTC)",MrDMT,"Views: 471 / Bids: Fixed price
Quantity left: Unlimited",DMT 14g - Pure crystals - High quality - Express Post - Escrow,Psychedelics,DMT,DMT 14g - Pure crystals - High quality - Express P...,"Sold by MrDMT -
0 sold since Jun 2, 2016Î¾Î¾Vendor Level 6Î¾Trust Level 6","Purchase price: USD 2,026.32",21,Drugs & ChemicalsDrugs & Chemicals,Psychedelics,ETHEREUM DISCOUNT 1.75 grams dmt dimethyltryptamine,"Buy price
USD 95.00

(0.0766 BTC)",visualtraveller,"Views: 7 / Bids: Fixed price
Quantity left: Unlimited",ETHEREUM DISCOUNT 1.75 grams dmt dimethyltryptamine,Psychedelics,DMT,ETHEREUM DISCOUNT 1.75 grams dmt dimethyltryptamin...,"Sold by visualtraveller -
0 sold since Apr 10, 2017Î¾Î¾Vendor Level 1Î¾Trust Level 4",Purchase price: USD 95.00,27,Drugs & ChemicalsDrugs & Chemicals,Psychedelics,DMT 30 gr 1600 euro FREE SHIPPING,"Buy price
USD 1,682.28

(1.3558 BTC)",187Ghost,"Views: 45 / Bids: Fixed price
Quantity left: Unlimited",DMT 30 gr 1600 euro FREE SHIPPING,Psychedelics,DMT,DMT 30 gr 1600 euro FREE SHIPPING,"Sold by 187Ghost -
0 sold since Mar 5, 2017Î¾Î¾Vendor Level 1Î¾Trust Level 3","Purchase price: USD 1,682.28",28,Drugs & ChemicalsDrugs & Chemicals,Psychedelics,DMT Fumarate- 500mg - 1/2g,"Buy price
USD 115.08

(0.0927 BTC)",Cloud_Aviator,null,DMT Fumarate- 500mg - 1/2g,Psychedelics,DMT,DMT Fumarate- 500mg - 1/2g,"Sold by Cloud_Aviator -
1 sold since Feb 19, 2017Î¾Î¾Vendor Level 1Î¾Trust Level 3",Purchase price: USD 115.08,19,Drugs & ChemicalsDrugs & Chemicals,Psychedelics,DMT Machine,"Buy price
USD 9.50

(0.0077 BTC)",PlanetExpressUSA,"Views: 1541 / Bids: Fixed price
Quantity left: Unlimited",DMT Machine,Psychedelics,DMT,DMT Machine,"Sold by PlanetExpressUSA -
6 sold since Jun 12, 2016Î¾Î¾Vendor Level 2Î¾Trust Level 4",Purchase price: USD 9.50,12,Drugs & ChemicalsDrugs & Chemicals,Psychedelics,"DMT Pure Crystal 50g (N,N-Dimethyltryptamine)  Š…ÄŠ…Ä FULL ESCROW Š…ÄŠ…Ä 100% delivery","Buy price
USD 1,450.00

(1.1686 BTC)",masturba.TOR,"Views: 21 / Bids: Fixed price
Quantity left: Unlimited","DMT Pure Crystal 50g (N,N-Dimethyltryptamine)  Š…ÄŠ…Ä FULL ESCROW Š…ÄŠ…Ä 100% delivery",Psychedelics,DMT,"DMT Pure Crystal 50g (N,N-Dimethyltryptamine)  Š…ÄŠ…Ä ...","Sold by masturba.TOR -
0 sold since Apr 19, 2017Î¾Î¾Vendor Level 1Î¾Trust Level 3","Purchase price: USD 1,450.00",,Drugs & ChemicalsDrugs & Chemicals,Psychedelics,DPT 1g / 1000 mg / 1 gram dipropyltryptamine US to US & ESCROW,"Buy price
USD 79.99

(0.0645 BTC)",PureFire,null,DPT 1g / 1000 mg / 1 gram dipropyltryptamine US to US & ESCROW,Psychedelics,DMT,DPT 1g / 1000 mg / 1 gram dipropyltryptamine US to...,"Sold by PureFire -
21 sold since Sep 3, 2016Î¾Î¾Vendor Level 6Î¾Trust Level 5",Purchase price: USD 79.99,8,Drugs & ChemicalsDrugs & Chemicals,Psychedelics,DeeDMT SAMPLE 200mg HIGH QUALITY DMT,"Buy price
USD 18.05

(0.0146 BTC)",DeeDMT,"Views: 2945 / Bids: Fixed price
Quantity left: Unlimited",DeeDMT SAMPLE 200mg HIGH QUALITY DMT,Psychedelics,DMT,DeeDMT SAMPLE 200mg HIGH QUALITY DMT,"Sold by DeeDMT -
99 sold since Jan 10, 2016Î¾Î¾Vendor Level 2Î¾Trust Level 5",Purchase price: USD 18.05,4,Drugs & ChemicalsDrugs & Chemicals,Psychedelics,0.5g Freebase DMT,"Buy price
USD 72.50

(0.0584 BTC)",Fapppylicious,"Views: 427 / Bids: Fixed price
Quantity left: 2",0.5g Freebase DMT,Psychedelics,DMT,0.5g Freebase DMT,"Sold by Fapppylicious -
8 sold since Aug 24, 2016Î¾Î¾Vendor Level 6Î¾Trust Level 6",Purchase price: USD 72.50,11,Drugs & ChemicalsDrugs & Chemicals,Psychedelics,1000mg CHANGA 50% DMT Crystal,"Buy price
USD 65.00

(0.0524 BTC)",LoveIsTheKey,null,1000mg CHANGA 50% DMT Crystal,Psychedelics,DMT,1000mg CHANGA 50% DMT Crystal,"Sold by LoveIsTheKey -
17 sold since Nov 5, 2016Î¾Î¾Vendor Level 7Î¾Trust Level 6",Purchase price: USD 65.00,9,Drugs & ChemicalsDrugs & Chemicals,Psychedelics,DMT Changa 50% DMT - 1g,"Buy price
USD 115.08

(0.0927 BTC)",Cloud_Aviator,null,DMT Changa 50% DMT - 1g,Psychedelics,DMT,DMT Changa 50% DMT - 1g,"Sold by Cloud_Aviator -
19 sold since Feb 19, 2017Î¾Î¾Vendor Level 1Î¾Trust Level 3",Purchase price: USD 115.08,8,Drugs & ChemicalsDrugs & Chemicals,Psychedelics,0.3gr DMT (free shipment world wide),"Buy price
USD 21.26

(0.0171 BTC)",TheRisingBastards,"Views: 105 / Bids: Fixed price
Quantity left: Unlimited",0.3gr DMT (free shipment world wide),Psychedelics,DMT,0.3gr DMT (free shipment world wide),"Sold by TheRisingBastards -
0 sold since Jan 23, 2017Î¾Î¾Vendor Level 1Î¾Trust Level 3",Purchase price: USD 21.26,27,Drugs & ChemicalsDrugs & Chemicals,Psychedelics,Ayahuasca Two Person Kit,"Buy price
USD 52.00

(0.0419 BTC)",blackhand,"Views: 2426 / Bids: Fixed price
Quantity left: Unlimited",Ayahuasca Two Person Kit,Psychedelics,DMT,Ayahuasca Two Person Kit,"Sold by blackhand -
20 sold since Mar 18, 2016Î¾Î¾Vendor Level 4Î¾Trust Level 6",Purchase price: USD 52.00,8,Drugs & ChemicalsDrugs & Chemicals,Psychedelics,"""HP WITH SPECIAL MAOIS YOU CAN DRINK-EAT. DIRECTLY CHANGES (ORAL HP) ...Beautiful holy powder.. 100 mg hp and 3 gram maois","Buy price
USD 13.25

(0.0107 BTC)",Only_Dmt_From_Tj_TerraJoulle,null,"""HP WITH SPECIAL MAOIS YOU CAN DRINK-EAT. DIRECTLY CHANGES (ORAL HP) ...Beautiful holy powder.. 100 mg hp and 3 gram maois",Psychedelics,DMT,"""HP WITH SPECIAL MAOIS YOU CAN DRINK-EAT. DIR...","Sold by Only_Dmt_From_Tj_TerraJoulle -
2 sold since Apr 12, 2017Î¾Î¾Vendor Level 4Î¾Trust Level 5",Purchase price: USD 13.25,17,Drugs & ChemicalsDrugs & Chemicals,Psychedelics,DMT 1g / 1000 mg / 1 gram Pure Fire Dimethyltryptamine - US to US & ESCROW,"Buy price
USD 99.00

(0.0799 BTC)",PureFire,"Views: 11034 / Bids: Fixed price
Quantity left: 70",DMT 1g / 1000 mg / 1 gram Pure Fire Dimethyltryptamine - US to US & ESCROW,Psychedelics,DMT,DMT 1g / 1000 mg / 1 gram Pure Fire Dimethyltrypta...,"Sold by PureFire -
351 sold since Aug 21, 2016Î¾Î¾Vendor Level 6Î¾Trust Level 5",null,2,Drugs & ChemicalsDrugs & Chemicals,Psychedelics,"DMT Pure Crystal 1g (N,N-Dimethyltryptamine) sample Š…ÄŠ…Ä FULL ESCROW Š…ÄŠ…Ä 100% delivery","Buy price
USD 55.00

(0.0443 BTC)",masturba.TOR,"Views: 148 / Bids: Fixed price
Quantity left: Unlimited","DMT Pure Crystal 1g (N,N-Dimethyltryptamine) sample Š…ÄŠ…Ä FULL ESCROW Š…ÄŠ…Ä 100% delivery",Psychedelics,DMT,"DMT Pure Crystal 1g (N,N-Dimethyltryptamine) sampl...","Sold by masturba.TOR -
0 sold since Apr 18, 2017Î¾Î¾Vendor Level 1Î¾Trust Level 3",Purchase price: USD 55.00,,Drugs & ChemicalsDrugs & Chemicals,Psychedelics,Powdered Mimosa Hostilis Root Bark from Brazil ! HIGHEST YIELD! 1kg,"Buy price
USD 550.00

(0.4433 BTC)",ChemBros,"Views: 75 / Bids: Fixed price
Quantity left: Unlimited",Powdered Mimosa Hostilis Root Bark from Brazil ! HIGHEST YIELD! 1kg,Psychedelics,DMT,Powdered Mimosa Hostilis Root Bark from Brazil ! H...,"Sold by ChemBros -
0 sold since Mar 7, 2017Î¾Î¾Vendor Level 3Î¾Trust Level 5",Purchase price: USD 550.00,22,Drugs & ChemicalsDrugs & Chemicals,Psychedelics,500g Mimosa Hostilis Root Bark (Brasil) *Highest quality on DNMs*,"Buy price
USD 90.00

(0.0725 BTC)",TheSpunshipEnterprise,"Views: 289 / Bids: Fixed price
Quantity left: Unlimited",500g Mimosa Hostilis Root Bark (Brasil) *Highest quality on DNMs*,Psychedelics,DMT,500g Mimosa Hostilis Root Bark (Brasil) *Highest q...,"Sold by TheSpunshipEnterprise -
1 sold since Dec 9, 2016Î¾Î¾Vendor Level 1Î¾Trust Level 4",Purchase price: USD 90.00,18,Drugs & ChemicalsDrugs & Chemicals,Psychedelics,"7g Dream Sand N,N-DMT (63 USD per gram)","Buy price
USD 441.00

(0.3554 BTC)",Noumena,"Views: 69 / Bids: Fixed price
Quantity left: Unlimited","7g Dream Sand N,N-DMT (63 USD per gram)",Psychedelics,DMT,"7g Dream Sand N,N-DMT (63 USD per gram)","Sold by Noumena -
1 sold since Mar 23, 2017Î¾Î¾Vendor Level 8Î¾Trust Level 7",Purchase price: USD 441.00,18,Drugs & ChemicalsDrugs & Chemicals,Psychedelics,"9g Dream Sand N,N-DMT (61 USD per gram)","Buy price
USD 549.00

(0.4425 BTC)",Noumena,"Views: 58 / Bids: Fixed price
Quantity left: Unlimited","9g Dream Sand N,N-DMT (61 USD per gram)",Psychedelics,DMT,"9g Dream Sand N,N-DMT (61 USD per gram)","Sold by Noumena -
0 sold since Mar 23, 2017Î¾Î¾Vendor Level 8Î¾Trust Level 7",Purchase price: USD 549.00,24,Drugs & ChemicalsDrugs & Chemicals,Psychedelics,DMT 300mg HIGH QUALITY NN DIMETHYLTRYPTAMINE :)  free shipping!!!!!,"Buy price
USD 26.00

(0.0210 BTC)",puremedicinehouse,"Views: 1283 / Bids: Fixed price
Quantity left: Unlimited",DMT 300mg HIGH QUALITY NN DIMETHYLTRYPTAMINE :)  free shipping!!!!!,Psychedelics,DMT,DMT 300mg HIGH QUALITY NN DIMETHYLTRYPTAMINE :)  f...,"Sold by puremedicinehouse -
67 sold since Nov 9, 2016Î¾Î¾Vendor Level 3Î¾Trust Level 4",Purchase price: USD 26.00,5,Drugs & ChemicalsDrugs & Chemicals,Psychedelics,DPT dipropyltryptamine hydrchloride 1000mg USA domestic only,"Buy price
USD 85.00

(0.0685 BTC)",swisshound78,null,DPT dipropyltryptamine hydrchloride 1000mg USA domestic only,Psychedelics,DMT,DPT dipropyltryptamine hydrchloride 1000mg USA dom...,"Sold by swisshound78 -
11 sold since Jul 26, 2016Î¾Î¾Vendor Level 4Î¾Trust Level 6",Purchase price: USD 85.00,10,Drugs & ChemicalsDrugs & Chemicals,Psychedelics,DMT Freebase 3.5g for Smoking and Vaping TOP QUALITY - Hand picked Diamond Crystals,"Buy price
USD 250.00

(0.2015 BTC)",neospirit,"Views: 175 / Bids: Fixed price
Quantity left: Unlimited",DMT Freebase 3.5g for Smoking and Vaping TOP QUALITY - Hand picked Diamond Crystals,Psychedelics,DMT,DMT Freebase 3.5g for Smoking and Vaping TOP QUALI...,"Sold by neospirit -
2 sold since Mar 5, 2017Î¾Î¾Vendor Level 1Î¾Trust Level 3",Purchase price: USD 250.00,16,Drugs & ChemicalsDrugs & Chemicals,Psychedelics,15% extra 0.5gr DMT (free shipment world wide),"Buy price
USD 32.23

(0.0260 BTC)",TheRisingBastards,"Views: 92 / Bids: Fixed price
Quantity left: Unlimited",15% extra 0.5gr DMT (free shipment world wide),Psychedelics,DMT,15% extra 0.5gr DMT (free shipment world wide),"Sold by TheRisingBastards -
0 sold since Jan 23, 2017Î¾Î¾Vendor Level 1Î¾Trust Level 3",Purchase price: USD 32.23,30,Drugs & ChemicalsDrugs & Chemicals,Psychedelics,DMT Freebase 28g (1oz) for Smoking and Vaping TOP QUALITY - Hand picked Diamond Crystals0,"Buy price
USD 1,470.00

(1.1848 BTC)",neospirit,"Views: 102 / Bids: Fixed price
Quantity left: Unlimited",DMT Freebase 28g (1oz) for Smoking and Vaping TOP QUALITY - Hand picked Diamond Crystals0,Psychedelics,DMT,DMT Freebase 28g (1oz) for Smoking and Vaping TOP ...,"Sold by neospirit -
1 sold since Mar 5, 2017Î¾Î¾Vendor Level 1Î¾Trust Level 3","Purchase price: USD 1,470.00",19,Drugs & ChemicalsDrugs & Chemicals,Psychedelics,"25g Dream Combo (one bag of each kind) N,N-DMT (48.53 USD per gram)","Buy price
USD 1,213.34

(0.9779 BTC)",Noumena,"Views: 106 / Bids: Fixed price
Quantity left: Unlimited","25g Dream Combo (one bag of each kind) N,N-DMT (48.53 USD per gram)",Psychedelics,DMT,"25g Dream Combo (one bag of each kind) N,N-DMT (48...","Sold by Noumena -
1 sold since Mar 13, 2017Î¾Î¾Vendor Level 8Î¾Trust Level 7","Purchase price: USD 1,213.34",19,Drugs & ChemicalsDrugs & Chemicals,Psychedelics,500mg Pure DMT ~ Cleanest/whitest in Aus !,"Buy price
USD 80.00

(0.0645 BTC)",ChemBros,"Views: 416 / Bids: Fixed price
Quantity left: Unlimited",500mg Pure DMT ~ Cleanest/whitest in Aus !,Psychedelics,DMT,500mg Pure DMT ~ Cleanest/whitest in Aus !,"Sold by ChemBros -
11 sold since Mar 7, 2017Î¾Î¾Vendor Level 3Î¾Trust Level 5",Purchase price: USD 80.00,10,Drugs & ChemicalsDrugs & Chemicals,Psychedelics,1 GRAM GOLDEN DREAM(DMT 80-90%) + 100MG WHITE DREAM(DMT 100%)(free shipping),"Buy price
USD 53.34

(0.0430 BTC)",Dmt-King,"Views: 527 / Bids: Fixed price
Quantity left: Unlimited",1 GRAM GOLDEN DREAM(DMT 80-90%) + 100MG WHITE DREAM(DMT 100%)(free shipping),Psychedelics,DMT,1 GRAM GOLDEN DREAM(DMT 80-90%) + 100MG WHITE DREA...,"Sold by Dmt-King -
12 sold since Dec 3, 2016Î¾Î¾Vendor Level 2Î¾Trust Level 4",Purchase price: USD 53.34,10,Drugs & ChemicalsDrugs & Chemicals,Psychedelics,"1000mg Amazing Jungle spice Changa (50% DMT - 25% Harmala), smokable Pharmahuasca","Buy price
USD 45.10

(0.0363 BTC)",mleeee,null,"1000mg Amazing Jungle spice Changa (50% DMT - 25% Harmala), smokable Pharmahuasca",Psychedelics,DMT,1000mg Amazing Jungle spice Changa (50% DMT - 25% ...,"Sold by mleeee -
38 sold since Aug 12, 2016Î¾Î¾Vendor Level 2Î¾Trust Level 6",null,6,Drugs & ChemicalsDrugs & Chemicals,Psychedelics,AYAHUASCA CIELO (CAAPI YELLOW) - BEST QUALITY OF AYAHUASCA HERB! - 100GRAMS,"Buy price
USD 24.99

(0.0201 BTC)",MicroDroper,"Views: 211 / Bids: Fixed price
Quantity left: Unlimited",AYAHUASCA CIELO (CAAPI YELLOW) - BEST QUALITY OF AYAHUASCA HERB! - 100GRAMS,Psychedelics,DMT,AYAHUASCA CIELO (CAAPI YELLOW) - BEST QUALITY OF A...,"Sold by MicroDroper -
0 sold since Jan 9, 2017Î¾Î¾Vendor Level 2Î¾Trust Level 6",Purchase price: USD 24.99,24,Drugs & ChemicalsDrugs & Chemicals,Psychedelics,250MG GOLDEN DREAM (DMT 85-90%)(free shipping),"Buy price
USD 15.92

(0.0128 BTC)",Dmt-King,"Views: 524 / Bids: Fixed price
Quantity left: Unlimited",250MG GOLDEN DREAM (DMT 85-90%)(free shipping),Psychedelics,DMT,250MG GOLDEN DREAM (DMT 85-90%)(free shipping),"Sold by Dmt-King -
11 sold since Dec 3, 2016Î¾Î¾Vendor Level 2Î¾Trust Level 4",Purchase price: USD 15.92,10,Drugs & ChemicalsDrugs & Chemicals,Psychedelics,1 Gram DMT - Large discounts for bulk orders!!!,"Buy price
USD 20.00

(0.0161 BTC)",devil6969,null,1 Gram DMT - Large discounts for bulk orders!!!,Psychedelics,DMT,1 Gram DMT - Large discounts for bulk orders!!!,"Sold by devil6969 -
26 sold since Jul 19, 2016Î¾Î¾Vendor Level 1Î¾Trust Level 5",null,7,Drugs & ChemicalsDrugs & Chemicals,Psychedelics,2g CHANGA 50% DMT Crystal PROMOTION free shiping,"Buy price
USD 88.00

(0.0708 BTC)",LoveIsTheKey,null,2g CHANGA 50% DMT Crystal PROMOTION free shiping,Psychedelics,DMT,2g CHANGA 50% DMT Crystal PROMOTION free shiping,"Sold by LoveIsTheKey -
26 sold since Sep 25, 2016Î¾Î¾Vendor Level 7Î¾Trust Level 6",Purchase price: USD 88.00,7,Drugs & ChemicalsDrugs & Chemicals,Psychedelics,DMT ~ 1g ~ Canada only!,"Buy price
USD 87.00

(0.0701 BTC)",Canada,"Views: 508 / Bids: Fixed price
Quantity left: 6",DMT ~ 1g ~ Canada only!,Psychedelics,DMT,DMT ~ 1g ~ Canada only!,"Sold by Canada -
5 sold since Mar 9, 2017Î¾Î¾Vendor Level 8Î¾Trust Level 8",Purchase price: USD 87.00,13,Drugs & ChemicalsDrugs & Chemicals,Psychedelics,"3g Dream Sand N,N-DMT (67 USD per gram)","Buy price
USD 201.00

(0.1620 BTC)",Noumena,"Views: 473 / Bids: Fixed price
Quantity left: Unlimited","3g Dream Sand N,N-DMT (67 USD per gram)",Psychedelics,DMT,"3g Dream Sand N,N-DMT (67 USD per gram)","Sold by Noumena -
14 sold since Nov 20, 2015Î¾Î¾Vendor Level 8Î¾Trust Level 7",Purchase price: USD 201.00,9,Drugs & ChemicalsDrugs & Chemicals,Psychedelics,"20g white n,n-DMT, 99.0% Purity!","Buy price
USD 1,021.72

(0.8215 BTC)",multiexciter,"Views: 404 / Bids: Fixed price
Quantity left: 1","20g white n,n-DMT, 99.0% Purity!",Psychedelics,DMT,"20g white n,n-DMT, 99.0% Purity!","Sold by multiexciter -
3 sold since Oct 22, 2016Î¾Î¾Vendor Level 7Î¾Trust Level 7","Purchase price: USD 1,021.72",14,Drugs & ChemicalsDrugs & Chemicals,Psychedelics,1000mg Pure DMT ~ Cleanest/whitest in Aus !,"Buy price
USD 155.00

(0.1249 BTC)",ChemBros,"Views: 262 / Bids: Fixed price
Quantity left: Unlimited",1000mg Pure DMT ~ Cleanest/whitest in Aus !,Psychedelics,DMT,1000mg Pure DMT ~ Cleanest/whitest in Aus !,"Sold by ChemBros -
6 sold since Mar 7, 2017Î¾Î¾Vendor Level 3Î¾Trust Level 5",Purchase price: USD 155.00,12,Drugs & ChemicalsDrugs & Chemicals,Psychedelics,DMT (500mg),"Buy price
USD 35.00

(0.0282 BTC)",GoodieMart,"Views: 708 / Bids: Fixed price
Quantity left: Unlimited",DMT (500mg),Psychedelics,DMT,DMT (500mg),"Sold by GoodieMart -
20 sold since Mar 29, 2017Î¾Î¾Vendor Level 1Î¾Trust Level 3",Purchase price: USD 35.00,8,Drugs & ChemicalsDrugs & Chemicals,Psychedelics,"Changa 0.5g very Visual Psychedelic, Free Shipping","Buy price
USD 37.29

(0.0301 BTC)",Chem__Trails,"Views: 16 / Bids: Fixed price
Quantity left: Unlimited","Changa 0.5g very Visual Psychedelic, Free Shipping",Psychedelics,DMT,"Changa 0.5g very Visual Psychedelic, Free Shipping","Sold by Chem__Trails -
0 sold since Apr 17, 2017Î¾Î¾Vendor Level 1Î¾Trust Level 3",Purchase price: USD 37.29,,Drugs & ChemicalsDrugs & Chemicals,Psychedelics,"Freebase DMT ""Dream Sand"" 0.5g - free shipping","Buy price
USD 23.68

(0.0191 BTC)",KingpinPinguin,null,"Freebase DMT ""Dream Sand"" 0.5g - free shipping",Psychedelics,DMT,"Freebase DMT ""Dream Sand"" 0.5g - free sh...","Sold by KingpinPinguin -
8 sold since Jan 18, 2017Î¾Î¾Vendor Level 1Î¾Trust Level 5",Purchase price: USD 23.68,11,Drugs & ChemicalsDrugs & Chemicals,Psychedelics,800mg dmt FREE WORLDWIDE SHIPPING,"Buy price
USD 50.00

(0.0403 BTC)",visualtraveller,"Views: 310 / Bids: Fixed price
Quantity left: Unlimited",800mg dmt FREE WORLDWIDE SHIPPING,Psychedelics,DMT,800mg dmt FREE WORLDWIDE SHIPPING,"Sold by visualtraveller -
5 sold since Dec 16, 2016Î¾Î¾Vendor Level 1Î¾Trust Level 4",Purchase price: USD 50.00,13,Drugs & ChemicalsDrugs & Chemicals,Psychedelics,DMT Changa Caapi MAOI 50% DMT - 500mg,"Buy price
USD 61.37

(0.0495 BTC)",Cloud_Aviator,null,DMT Changa Caapi MAOI 50% DMT - 500mg,Psychedelics,DMT,DMT Changa Caapi MAOI 50% DMT - 500mg,"Sold by Cloud_Aviator -
7 sold since Feb 23, 2017Î¾Î¾Vendor Level 1Î¾Trust Level 3",Purchase price: USD 61.37,12,Drugs & ChemicalsDrugs & Chemicals,Psychedelics,5g Changa 50% DMT - Containing Caapi - Full Escrow,"Buy price
USD 250.00

(0.2015 BTC)",third_eye,"Views: 80 / Bids: Fixed price
Quantity left: Unlimited",5g Changa 50% DMT - Containing Caapi - Full Escrow,Psychedelics,DMT,5g Changa 50% DMT - Containing Caapi - Full Escrow,"Sold by third_eye -
3 sold since Mar 29, 2017Î¾Î¾Vendor Level 1Î¾Trust Level 3",Purchase price: USD 250.00,15,Drugs & ChemicalsDrugs & Chemicals,Psychedelics,OUT OF STOCK 1000mg Freshly Extracted AUSTRALIAN DMT 50/50 Changa with MAOI  FREE XPRESS,"Buy price
USD 95.88

(0.0773 BTC)",Moosemate,"Views: 454 / Bids: Fixed price
Quantity left: 4",OUT OF STOCK 1000mg Freshly Extracted AUSTRALIAN DMT 50/50 Changa with MAOI  FREE XPRESS,Psychedelics,DMT,OUT OF STOCK 1000mg Freshly Extracted AUSTRALIAN D...,"Sold by Moosemate -
13 sold since Feb 22, 2017Î¾Î¾Vendor Level 2Î¾Trust Level 5",Purchase price: USD 95.88,10,Drugs & ChemicalsDrugs & Chemicals,Psychedelics,AYAHUASCA Ready To Drink 4 dose only here,"Buy price
USD 100.00

(0.0806 BTC)",LoveIsTheKey,null,AYAHUASCA Ready To Drink 4 dose only here,Psychedelics,DMT,AYAHUASCA Ready To Drink 4 dose only here,"Sold by LoveIsTheKey -
3 sold since Jan 7, 2017Î¾Î¾Vendor Level 7Î¾Trust Level 6",Purchase price: USD 100.00,15,Drugs & ChemicalsDrugs & Chemicals,Psychedelics,500mg - 5-MeO-DMT.HCl - Hydrochloride [LIMITED],"Buy price
USD 119.99

(0.0967 BTC)",Cannabis,null,500mg - 5-MeO-DMT.HCl - Hydrochloride [LIMITED],Psychedelics,DMT,500mg - 5-MeO-DMT.HCl - Hydrochloride [LIMITED],"Sold by Cannabis -
11 sold since Jan 11, 2017Î¾Î¾Vendor Level 3Î¾Trust Level 6",Purchase price: USD 119.99,10,Drugs & ChemicalsDrugs & Chemicals,Psychedelics,250mg    DMT,"Buy price
USD 35.00

(0.0282 BTC)",rogerpete,"Views: 20 / Bids: Fixed price
Quantity left: Unlimited",250mg    DMT,Psychedelics,DMT,250mg    DMT,"Sold by rogerpete -
0 sold since Apr 20, 2017Î¾Î¾Vendor Level 1Î¾Trust Level 3",Purchase price: USD 35.00,27,Drugs & ChemicalsDrugs & Chemicals,Psychedelics,3 grams dmt dimethyltryptamine,"Buy price
USD 180.00

(0.1451 BTC)",visualtraveller,"Views: 170 / Bids: Fixed price
Quantity left: Unlimited",3 grams dmt dimethyltryptamine,Psychedelics,DMT,3 grams dmt dimethyltryptamine,"Sold by visualtraveller -
2 sold since Dec 16, 2016Î¾Î¾Vendor Level 1Î¾Trust Level 4",Purchase price: USD 180.00,16,Drugs & ChemicalsDrugs & Chemicals,Psychedelics,500mg DMT,"Buy price
USD 25.28

(0.0204 BTC)",valuelogistics,"Views: 741 / Bids: Fixed price
Quantity left: 5",500mg DMT,Psychedelics,DMT,500mg DMT,"Sold by valuelogistics -
23 sold since Dec 2, 2016Î¾Î¾Vendor Level 1Î¾Trust Level 5",Purchase price: USD 25.28,8,Drugs & ChemicalsDrugs & Chemicals,Psychedelics,12 grams dmt dimethyltryptamine,"Buy price
USD 675.00

(0.5434 BTC)",visualtraveller,"Views: 15 / Bids: Fixed price
Quantity left: Unlimited",12 grams dmt dimethyltryptamine,Psychedelics,DMT,12 grams dmt dimethyltryptamine,"Sold by visualtraveller -
0 sold since Apr 9, 2017Î¾Î¾Vendor Level 1Î¾Trust Level 4",Purchase price: USD 675.00,29,Drugs & ChemicalsDrugs & Chemicals,Psychedelics,3KG Mimosa Hostilis Root Bark (Brasil) *Highest quality on DNMs*,"Buy price
USD 360.00

(0.2901 BTC)",TheSpunshipEnterprise,"Views: 198 / Bids: Fixed price
Quantity left: Unlimited",3KG Mimosa Hostilis Root Bark (Brasil) *Highest quality on DNMs*,Psychedelics,DMT,3KG Mimosa Hostilis Root Bark (Brasil) *Highest qu...,"Sold by TheSpunshipEnterprise -
1 sold since Dec 9, 2016Î¾Î¾Vendor Level 1Î¾Trust Level 4",Purchase price: USD 360.00,18,Drugs & ChemicalsDrugs & Chemicals,Psychedelics,"Changa 1g very Visual Psychedelic, Free Shipping","Buy price
USD 63.93

(0.0515 BTC)",Chem__Trails,"Views: 18 / Bids: Fixed price
Quantity left: Unlimited","Changa 1g very Visual Psychedelic, Free Shipping",Psychedelics,DMT,"Changa 1g very Visual Psychedelic, Free Shipping","Sold by Chem__Trails -
0 sold since Apr 17, 2017Î¾Î¾Vendor Level 1Î¾Trust Level 3",Purchase price: USD 63.93,,Drugs & ChemicalsDrugs & Chemicals,Psychedelics,0.25g DMT Freebase (NN-DMT),"Buy price
USD 21.85

(0.0176 BTC)",JonnyRambo,"Views: 676 / Bids: Fixed price
Quantity left: Unlimited",0.25g DMT Freebase (NN-DMT),Psychedelics,DMT,0.25g DMT Freebase (NN-DMT),"Sold by JonnyRambo -
23 sold since Feb 24, 2017Î¾Î¾Vendor Level 2Î¾Trust Level 3",Purchase price: USD 21.85,8,Drugs & ChemicalsDrugs & Chemicals,Psychedelics,DMT - 500 mg - High Purity,"Buy price
USD 97.65

(0.0787 BTC)",TheRainbowSerpent,null,DMT - 500 mg - High Purity,Psychedelics,DMT,DMT - 500 mg - High Purity,"Sold by TheRainbowSerpent -
7 sold since Oct 27, 2016Î¾Î¾Vendor Level 1Î¾Trust Level 4",Purchase price: USD 97.65,12,Drugs & ChemicalsDrugs & Chemicals,Psychedelics,"200 Milligram Dutch Quality DMT Crystal || Spirit Molecule || n,n DMT","Buy price
USD 25.64

(0.0207 BTC)",Dutchdrugz,null,"200 Milligram Dutch Quality DMT Crystal || Spirit Molecule || n,n DMT",Psychedelics,DMT,200 Milligram Dutch Quality DMT Crystal || Spirit ...,"Sold by Dutchdrugz -
79 sold since Jun 10, 2015Î¾Î¾Vendor Level 5Î¾Trust Level 6",Purchase price: USD 25.64,4,Drugs & ChemicalsDrugs & Chemicals,Psychedelics,DMT ~ 10g ~ Canada only!,"Buy price
USD 660.00

(0.5319 BTC)",Canada,null,DMT ~ 10g ~ Canada only!,Psychedelics,DMT,DMT ~ 10g ~ Canada only!,"Sold by Canada -
0 sold since Mar 9, 2017Î¾Î¾Vendor Level 8Î¾Trust Level 8",Purchase price: USD 660.00,22,Drugs & ChemicalsDrugs & Chemicals,Psychedelics,0.5g CHANGA 50% Pure DMT,"Buy price
USD 23.00

(0.0186 BTC)",DMT-lovestore,"Views: 5194 / Bids: Fixed price
Quantity left: Unlimited",0.5g CHANGA 50% Pure DMT,Psychedelics,DMT,0.5g CHANGA 50% Pure DMT,"Sold by DMT-lovestore -
221 sold since Nov 6, 2015Î¾Î¾Vendor Level 5Î¾Trust Level 5",Purchase price: USD 23.00,3,Drugs & ChemicalsDrugs & Chemicals,Psychedelics,TEETH VIAL - ziplock bag alternative/ 1-9999 pieces,"Buy price
USD 1.50

(0.0012 BTC)",LAMBORGHINI2,"Views: 1185 / Bids: Fixed price
Quantity left: Unlimited",TEETH VIAL - ziplock bag alternative/ 1-9999 pieces,Psychedelics,DMT,TEETH VIAL - ziplock bag alternative/ 1-9999 piece...,"Sold by LAMBORGHINI2 -
10 sold since Apr 7, 2016Î¾Î¾Vendor Level 3Î¾Trust Level 5",Purchase price: USD 1.50,10,Drugs & ChemicalsDrugs & Chemicals,Psychedelics,"Freebase DMT ""Dream Sand"" 1g - free shipping","Buy price
USD 47.08

(0.0379 BTC)",KingpinPinguin,null,"Freebase DMT ""Dream Sand"" 1g - free shipping",Psychedelics,DMT,"Freebase DMT ""Dream Sand"" 1g - free ship...","Sold by KingpinPinguin -
9 sold since Jan 18, 2017Î¾Î¾Vendor Level 1Î¾Trust Level 5",Purchase price: USD 47.08,10,Drugs & ChemicalsDrugs & Chemicals,Psychedelics,DMT (White Dream Sand) 1 GRAM-$90,"Buy price
USD 90.00

(0.0726 BTC)",DreamDoctor,null,DMT (White Dream Sand) 1 GRAM-$90,Psychedelics,DMT,DMT (White Dream Sand) 1 GRAM-$90,"Sold by DreamDoctor -
281 sold since Mar 10, 2016Î¾Î¾Vendor Level 6Î¾Trust Level 5",Purchase price: USD 90.00,2,Drugs & ChemicalsDrugs & Chemicals,Psychedelics,ETHERERUM DISCOUNT 28 grams dimethyltryptamine,"Buy price
USD 1,000.00

(0.8060 BTC)",visualtraveller,"Views: 9 / Bids: Fixed price
Quantity left: Unlimited",ETHERERUM DISCOUNT 28 grams dimethyltryptamine,Psychedelics,DMT,ETHERERUM DISCOUNT 28 grams dimethyltryptamine,"Sold by visualtraveller -
0 sold since Apr 9, 2017Î¾Î¾Vendor Level 1Î¾Trust Level 4","Purchase price: USD 1,000.00",30,Drugs & ChemicalsDrugs & Chemicals,Psychedelics,"1000 Milligram Dutch Quality DMT Crystal || Spirit Molecule || n,n DMT","Buy price
USD 117.51

(0.0947 BTC)",Dutchdrugz,null,"1000 Milligram Dutch Quality DMT Crystal || Spirit Molecule || n,n DMT",Psychedelics,DMT,1000 Milligram Dutch Quality DMT Crystal || Spirit...,"Sold by Dutchdrugz -
19 sold since Jun 10, 2015Î¾Î¾Vendor Level 5Î¾Trust Level 6",Purchase price: USD 117.51,8,Drugs & ChemicalsDrugs & Chemicals,Psychedelics,"DMT Pure Crystal 50g (N,N-Dimethyltryptamine)  Š…ÄŠ…Ä FULL ESCROW Š…ÄŠ…Ä 100% delivery","Buy price
USD 1,450.00

(1.1686 BTC)",masturba.TOR,"Views: 23 / Bids: Fixed price
Quantity left: Unlimited","DMT Pure Crystal 50g (N,N-Dimethyltryptamine)  Š…ÄŠ…Ä FULL ESCROW Š…ÄŠ…Ä 100% delivery",Psychedelics,DMT,"DMT Pure Crystal 50g (N,N-Dimethyltryptamine)  Š…ÄŠ…Ä ...","Sold by masturba.TOR -
0 sold since Apr 19, 2017Î¾Î¾Vendor Level 1Î¾Trust Level 3","Purchase price: USD 1,450.00",24,Drugs & ChemicalsDrugs & Chemicals,Psychedelics,DeeDMT 1g HIGH QUALITY DMT,"Buy price
USD 80.12

(0.0646 BTC)",DeeDMT,"Views: 710 / Bids: Fixed price
Quantity left: Unlimited",DeeDMT 1g HIGH QUALITY DMT,Psychedelics,DMT,DeeDMT 1g HIGH QUALITY DMT,"Sold by DeeDMT -
6 sold since Jan 10, 2016Î¾Î¾Vendor Level 2Î¾Trust Level 5",Purchase price: USD 80.12,12,Drugs & ChemicalsDrugs & Chemicals,Psychedelics,PROMO PRICING 28 grams+free extra dmt dimethyltryptamine,"Buy price
USD 1,200.00

(0.9671 BTC)",visualtraveller,"Views: 61 / Bids: Fixed price
Quantity left: Unlimited",PROMO PRICING 28 grams+free extra dmt dimethyltryptamine,Psychedelics,DMT,PROMO PRICING 28 grams+free extra dmt dimethyltryp...,"Sold by visualtraveller -
0 sold since Jan 18, 2017Î¾Î¾Vendor Level 1Î¾Trust Level 4","Purchase price: USD 1,200.00",25,Drugs & ChemicalsDrugs & Chemicals,Psychedelics,DMT Machine x50 (Bulk Discount),"Buy price
USD 200.00

(0.1612 BTC)",PlanetExpressUSA,"Views: 273 / Bids: Fixed price
Quantity left: Unlimited",DMT Machine x50 (Bulk Discount),Psychedelics,DMT,DMT Machine x50 (Bulk Discount),"Sold by PlanetExpressUSA -
0 sold since Jul 15, 2016Î¾Î¾Vendor Level 2Î¾Trust Level 4",Purchase price: USD 200.00,25,Drugs & ChemicalsDrugs & Chemicals,Psychedelics,[PROMO] 1000 mg PURE DMT CRYSTALS,"Buy price
USD 127.00

(0.1022 BTC)",PussyDrugs,"Views: 180 / Bids: Fixed price
Quantity left: Unlimited",[PROMO] 1000 mg PURE DMT CRYSTALS,Psychedelics,DMT,[PROMO] 1000 mg PURE DMT CRYSTALS,"Sold by PussyDrugs -
0 sold since Dec 26, 2016Î¾Î¾Vendor Level 1Î¾Trust Level 4",Purchase price: USD 127.00,29,Drugs & ChemicalsDrugs & Chemicals,Psychedelics,DMT (White Dream Sand) 5 GRAMS-$400 ** ON SALE,"Buy price
USD 400.00

(0.3224 BTC)",DreamDoctor,"Views: 231 / Bids: Fixed price
Quantity left: Unlimited",DMT (White Dream Sand) 5 GRAMS-$400 ** ON SALE,Psychedelics,DMT,DMT (White Dream Sand) 5 GRAMS-$400 ** ON SALE,"Sold by DreamDoctor -
8 sold since Mar 19, 2016Î¾Î¾Vendor Level 6Î¾Trust Level 5",Purchase price: USD 400.00,11,Drugs & ChemicalsDrugs & Chemicals,Psychedelics,ETHEREUM DISCOUNT 5 grams dmt dimethyltryptamine,"Buy price
USD 305.00

(0.2458 BTC)",visualtraveller,"Views: 11 / Bids: Fixed price
Quantity left: Unlimited",ETHEREUM DISCOUNT 5 grams dmt dimethyltryptamine,Psychedelics,DMT,ETHEREUM DISCOUNT 5 grams dmt dimethyltryptamine,"Sold by visualtraveller -
0 sold since Apr 10, 2017Î¾Î¾Vendor Level 1Î¾Trust Level 4",Purchase price: USD 305.00,,Drugs & ChemicalsDrugs & Chemicals,Psychedelics,DMT 1gr 60 euro FREE SHIPPING,"Buy price
USD 63.09

(0.0507 BTC)",187Ghost,"Views: 81 / Bids: Fixed price
Quantity left: Unlimited",DMT 1gr 60 euro FREE SHIPPING,Psychedelics,DMT,DMT 1gr 60 euro FREE SHIPPING,"Sold by 187Ghost -
0 sold since Mar 5, 2017Î¾Î¾Vendor Level 1Î¾Trust Level 3",Purchase price: USD 63.09,23,Drugs & ChemicalsDrugs & Chemicals,Psychedelics,"9g Desert Dream N,N-DMT (51 USD per gram)","Buy price
USD 449.00

(0.3619 BTC)",Noumena,"Views: 58 / Bids: Fixed price
Quantity left: Unlimited","9g Desert Dream N,N-DMT (51 USD per gram)",Psychedelics,DMT,"9g Desert Dream N,N-DMT (51 USD per gram)","Sold by Noumena -
0 sold since Mar 20, 2017Î¾Î¾Vendor Level 8Î¾Trust Level 7",Purchase price: USD 449.00,28,Drugs & ChemicalsDrugs & Chemicals,Psychedelics,"DMT Pure Crystal 1g (N,N-Dimethyltryptamine) sample Š…ÄŠ…Ä FULL ESCROW Š…ÄŠ…Ä 100% delivery","Buy price
USD 55.00

(0.0443 BTC)",masturba.TOR,"Views: 42 / Bids: Fixed price
Quantity left: Unlimited","DMT Pure Crystal 1g (N,N-Dimethyltryptamine) sample Š…ÄŠ…Ä FULL ESCROW Š…ÄŠ…Ä 100% delivery",Psychedelics,DMT,"DMT Pure Crystal 1g (N,N-Dimethyltryptamine) sampl...","Sold by masturba.TOR -
0 sold since Apr 18, 2017Î¾Î¾Vendor Level 1Î¾Trust Level 3",Purchase price: USD 55.00,22,Drugs & ChemicalsDrugs & Chemicals,Psychedelics,20.0g DMT Freebase (NN-DMT),"Buy price
USD 749.85

(0.6043 BTC)",JonnyRambo,"Views: 148 / Bids: Fixed price
Quantity left: Unlimited",20.0g DMT Freebase (NN-DMT),Psychedelics,DMT,20.0g DMT Freebase (NN-DMT),"Sold by JonnyRambo -
0 sold since Feb 24, 2017Î¾Î¾Vendor Level 2Î¾Trust Level 3",Purchase price: USD 749.85,,Drugs & ChemicalsDrugs & Chemicals,Psychedelics,1.0g DMT Freebase (NN-DMT),"Buy price
USD 49.85

(0.0401 BTC)",JonnyRambo,"Views: 980 / Bids: Fixed price
Quantity left: Unlimited",1.0g DMT Freebase (NN-DMT),Psychedelics,DMT,1.0g DMT Freebase (NN-DMT),"Sold by JonnyRambo -
29 sold since Feb 24, 2017Î¾Î¾Vendor Level 2Î¾Trust Level 3",Purchase price: USD 49.85,7,Drugs & ChemicalsDrugs & Chemicals,Psychedelics,1g SUPER SHAMAN Strenght DMT 50% Changa. All organic. Buy 4 get 5,"Buy price
USD 61.26

(0.0494 BTC)",Weed4bits2,"Views: 2982 / Bids: Fixed price
Quantity left: Unlimited",1g SUPER SHAMAN Strenght DMT 50% Changa. All organic. Buy 4 get 5,Psychedelics,DMT,1g SUPER SHAMAN Strenght DMT 50% Changa. All organ...,"Sold by Weed4bits2 -
76 sold since May 11, 2016Î¾Î¾Vendor Level 3Î¾Trust Level 5",Purchase price: USD 61.26,4,Drugs & ChemicalsDrugs & Chemicals,Psychedelics,DMT Freebase 10g for Smoking and Vaping TOP QUALITY - Hand picked Diamond Crystals0,"Buy price
USD 600.00

(0.4836 BTC)",neospirit,"Views: 97 / Bids: Fixed price
Quantity left: Unlimited",DMT Freebase 10g for Smoking and Vaping TOP QUALITY - Hand picked Diamond Crystals0,Psychedelics,DMT,DMT Freebase 10g for Smoking and Vaping TOP QUALIT...,"Sold by neospirit -
0 sold since Mar 5, 2017Î¾Î¾Vendor Level 1Î¾Trust Level 3",Purchase price: USD 600.00,21,Drugs & ChemicalsDrugs & Chemicals,Psychedelics,200mg CHANGA 50% DMT Crystal 2 sample ticket demension,"Buy price
USD 16.00

(0.0129 BTC)",LoveIsTheKey,null,200mg CHANGA 50% DMT Crystal 2 sample ticket demension,Psychedelics,DMT,200mg CHANGA 50% DMT Crystal 2 sample ticket demen...,"Sold by LoveIsTheKey -
48 sold since Sep 27, 2016Î¾Î¾Vendor Level 7Î¾Trust Level 6",Purchase price: USD 16.00,5,Drugs & ChemicalsDrugs & Chemicals,Psychedelics,"10g Dream Combo (one bag of each kind) N,N-DMT (52.83 USD per gram)","Buy price
USD 528.32

(0.4258 BTC)",Noumena,"Views: 182 / Bids: Fixed price
Quantity left: Unlimited","10g Dream Combo (one bag of each kind) N,N-DMT (52.83 USD per gram)",Psychedelics,DMT,"10g Dream Combo (one bag of each kind) N,N-DMT (52...","Sold by Noumena -
4 sold since Feb 8, 2017Î¾Î¾Vendor Level 8Î¾Trust Level 7",Purchase price: USD 528.32,13,Drugs & ChemicalsDrugs & Chemicals,Psychedelics,"2500mg white n,n-DMT, 99.0% Purity!","Buy price
USD 147.33

(0.1188 BTC)",multiexciter,null,"2500mg white n,n-DMT, 99.0% Purity!",Psychedelics,DMT,"2500mg white n,n-DMT, 99.0% Purity!","Sold by multiexciter -
177 sold since Nov 9, 2015Î¾Î¾Vendor Level 7Î¾Trust Level 7",Purchase price: USD 147.33,3,Drugs & ChemicalsDrugs & Chemicals,Psychedelics,Quality fluffy white DMT 2g,"Buy price
USD 146.81

(0.1184 BTC)",SpaceyElf,"Views: 3306 / Bids: Fixed price
Quantity left: Unlimited",Quality fluffy white DMT 2g,Psychedelics,DMT,Quality fluffy white DMT 2g,"Sold by SpaceyElf -
144 sold since Aug 29, 2015Î¾Î¾Vendor Level 6Î¾Trust Level 6",Purchase price: USD 146.81,3,Drugs & ChemicalsDrugs & Chemicals,Psychedelics,"4g Dream Sand N,N-DMT (66 USD per gram)","Buy price
USD 264.00

(0.2128 BTC)",Noumena,"Views: 59 / Bids: Fixed price
Quantity left: Unlimited","4g Dream Sand N,N-DMT (66 USD per gram)",Psychedelics,DMT,"4g Dream Sand N,N-DMT (66 USD per gram)","Sold by Noumena -
0 sold since Mar 23, 2017Î¾Î¾Vendor Level 8Î¾Trust Level 7",Purchase price: USD 264.00,28,Drugs & ChemicalsDrugs & Chemicals,Psychedelics,"AUTO FULFILL Š…Ä ULTIMATE DRUG MAKING CHEMISTRY ENCYCLOPEDIA Š…Ä GUIDES AND TUTORIALS ( OVER 25,000 PAGES) Š…Ä DMT METHAMPHETAMINE COCAINE MDMA ECSTASY HEROIN LSD Š…Ä","Buy price
USD 0.95

(0.0008 BTC)",squaticat,"Views: 26 / Bids: Fixed price
Quantity left: Unlimited","AUTO FULFILL Š…Ä ULTIMATE DRUG MAKING CHEMISTRY ENCYCLOPEDIA Š…Ä GUIDES AND TUTORIALS ( OVER 25,000 PAGES) Š…Ä DMT METHAMPHETAMINE COCAINE MDMA ECSTASY HEROIN LSD Š…Ä",Psychedelics,DMT,AUTO FULFILL Š…Ä ULTIMATE DRUG MAKING CHEMISTRY ENCY...,"Sold by squaticat -
1 sold since Apr 9, 2017Î¾Î¾Vendor Level 1Î¾Trust Level 5",Purchase price: USD 0.95,19,Drugs & ChemicalsDrugs & Chemicals,Psychedelics,4-HO-DIPT fumarate 1000mg USA domestic only,"Buy price
USD 125.00

(0.1007 BTC)",swisshound78,null,4-HO-DIPT fumarate 1000mg USA domestic only,Psychedelics,DMT,4-HO-DIPT fumarate 1000mg USA domestic only,"Sold by swisshound78 -
1 sold since Mar 22, 2017Î¾Î¾Vendor Level 4Î¾Trust Level 6",Purchase price: USD 125.00,19,Drugs & ChemicalsDrugs & Chemicals,Psychedelics,250mg Pure DMT ~ Cleanest/whitest in Aus !,"Buy price
USD 45.00

(0.0362 BTC)",ChemBros,"Views: 1125 / Bids: Fixed price
Quantity left: Unlimited",250mg Pure DMT ~ Cleanest/whitest in Aus !,Psychedelics,DMT,250mg Pure DMT ~ Cleanest/whitest in Aus !,"Sold by ChemBros -
42 sold since Mar 7, 2017Î¾Î¾Vendor Level 3Î¾Trust Level 5",Purchase price: USD 45.00,6,Drugs & ChemicalsDrugs & Chemicals,Psychedelics,4-HO-DIPT fumarate 500mg USA domestic only,"Buy price
USD 85.00

(0.0685 BTC)",swisshound78,null,4-HO-DIPT fumarate 500mg USA domestic only,Psychedelics,DMT,4-HO-DIPT fumarate 500mg USA domestic only,"Sold by swisshound78 -
0 sold since Mar 22, 2017Î¾Î¾Vendor Level 4Î¾Trust Level 6",Purchase price: USD 85.00,25,Drugs & ChemicalsDrugs & Chemicals,Psychedelics,500mg nn-dmt,"Buy price
USD 35.00

(0.0282 BTC)",visualtraveller,"Views: 480 / Bids: Fixed price
Quantity left: Unlimited",500mg nn-dmt,Psychedelics,DMT,500mg nn-dmt,"Sold by visualtraveller -
11 sold since Dec 16, 2016Î¾Î¾Vendor Level 1Î¾Trust Level 4",Purchase price: USD 35.00,10,Drugs & ChemicalsDrugs & Chemicals,Psychedelics,"DMT Pure Crystal 20g (N,N-Dimethyltryptamine) sample Š…ÄŠ…Ä FULL ESCROW Š…ÄŠ…Ä 100% delivery","Buy price
USD 665.00

(0.5360 BTC)",masturba.TOR,"Views: 21 / Bids: Fixed price
Quantity left: Unlimited","DMT Pure Crystal 20g (N,N-Dimethyltryptamine) sample Š…ÄŠ…Ä FULL ESCROW Š…ÄŠ…Ä 100% delivery",Psychedelics,DMT,"DMT Pure Crystal 20g (N,N-Dimethyltryptamine) samp...","Sold by masturba.TOR -
0 sold since Apr 19, 2017Î¾Î¾Vendor Level 1Î¾Trust Level 3",Purchase price: USD 665.00,19,Drugs & ChemicalsDrugs & Chemicals,Psychedelics,"DMT SAMPLE 0,15gr 8.50 euro FREE SHIPPING","Buy price
USD 8.94

(0.0072 BTC)",187Ghost,"Views: 201 / Bids: Fixed price
Quantity left: Unlimited","DMT SAMPLE 0,15gr 8.50 euro FREE SHIPPING",Psychedelics,DMT,"DMT SAMPLE 0,15gr 8.50 euro FREE SHIPPING","Sold by 187Ghost -
5 sold since Mar 5, 2017Î¾Î¾Vendor Level 1Î¾Trust Level 3",Purchase price: USD 8.94,13,Drugs & ChemicalsDrugs & Chemicals,Psychedelics,15% extra 1gr DMT (free shipment world wide),"Buy price
USD 44.04

(0.0355 BTC)",TheRisingBastards,"Views: 101 / Bids: Fixed price
Quantity left: Unlimited",15% extra 1gr DMT (free shipment world wide),Psychedelics,DMT,15% extra 1gr DMT (free shipment world wide),"Sold by TheRisingBastards -
0 sold since Jan 23, 2017Î¾Î¾Vendor Level 1Î¾Trust Level 3",Purchase price: USD 44.04,28,Drugs & ChemicalsDrugs & Chemicals,Psychedelics,DMT - 0.15g!!!! DIMETHYLTRYPTAMINE WHITE ***** PURE,"Buy price
USD 49.89

(0.0402 BTC)",narkoticz,"Views: 321 / Bids: Fixed price
Quantity left: Unlimited",DMT - 0.15g!!!! DIMETHYLTRYPTAMINE WHITE ***** PURE,Psychedelics,DMT,DMT - 0.15g!!!! DIMETHYLTRYPTAMINE WHITE ***** PUR...,"Sold by narkoticz -
0 sold since Jun 12, 2016Î¾Î¾Vendor Level 1Î¾Trust Level 3",Purchase price: USD 49.89,24,Drugs & ChemicalsDrugs & Chemicals,Psychedelics,3.5 grams dmt dimethyltryptamine,"Buy price
USD 200.00

(0.1612 BTC)",visualtraveller,"Views: 129 / Bids: Fixed price
Quantity left: Unlimited",3.5 grams dmt dimethyltryptamine,Psychedelics,DMT,3.5 grams dmt dimethyltryptamine,"Sold by visualtraveller -
0 sold since Dec 16, 2016Î¾Î¾Vendor Level 1Î¾Trust Level 4",Purchase price: USD 200.00,27,Drugs & ChemicalsDrugs & Chemicals,Psychedelics,"DMT - CHANGA -1000MG - 50 % DMT - ELDAR'S ""PIXIE DUST""  Blend  + MAOI - Longer lasting experience","Buy price
USD 109.41

(0.0880 BTC)",Eldars-Magic,"Views: 338 / Bids: Fixed price
Quantity left: Unlimited","DMT - CHANGA -1000MG - 50 % DMT - ELDAR'S ""PIXIE DUST""  Blend  + MAOI - Longer lasting experience",Psychedelics,DMT,DMT - CHANGA -1000MG - 50 % DMT - ELDAR'S &quo...,"Sold by Eldars-Magic -
4 sold since Feb 3, 2016Î¾Î¾Vendor Level 3Î¾Trust Level 5",Purchase price: USD 109.41,14,Drugs & ChemicalsDrugs & Chemicals,Psychedelics,DMT 10 gr 550 euro FREE SHIPPING,"Buy price
USD 578.28

(0.4661 BTC)",187Ghost,"Views: 53 / Bids: Fixed price
Quantity left: Unlimited",DMT 10 gr 550 euro FREE SHIPPING,Psychedelics,DMT,DMT 10 gr 550 euro FREE SHIPPING,"Sold by 187Ghost -
0 sold since Mar 5, 2017Î¾Î¾Vendor Level 1Î¾Trust Level 3",Purchase price: USD 578.28,27,Drugs & ChemicalsDrugs & Chemicals,Psychedelics,PROMO PRICE 7 grams dmt dimethyltryptamine,"Buy price
USD 400.00

(0.3224 BTC)",visualtraveller,"Views: 115 / Bids: Fixed price
Quantity left: Unlimited",PROMO PRICE 7 grams dmt dimethyltryptamine,Psychedelics,DMT,PROMO PRICE 7 grams dmt dimethyltryptamine,"Sold by visualtraveller -
1 sold since Dec 16, 2016Î¾Î¾Vendor Level 1Î¾Trust Level 4",Purchase price: USD 400.00,18,Drugs & ChemicalsDrugs & Chemicals,Psychedelics,600mg nn-dmt FREE WORLDWIDE SHIPPING,"Buy price
USD 40.00

(0.0322 BTC)",visualtraveller,"Views: 199 / Bids: Fixed price
Quantity left: Unlimited",600mg nn-dmt FREE WORLDWIDE SHIPPING,Psychedelics,DMT,600mg nn-dmt FREE WORLDWIDE SHIPPING,"Sold by visualtraveller -
3 sold since Dec 16, 2016Î¾Î¾Vendor Level 1Î¾Trust Level 4",Purchase price: USD 40.00,14,Drugs & ChemicalsDrugs & Chemicals,Psychedelics,"Mimosa Hoatilis root bark (200 grams) [n,nDMT source]","Buy price
USD 50.00

(0.0403 BTC)",prodruq,"Views: 179 / Bids: Fixed price
Quantity left: 5","Mimosa Hoatilis root bark (200 grams) [n,nDMT source]",Psychedelics,DMT,"Mimosa Hoatilis root bark (200 grams) [n,nDMT sour...","Sold by prodruq -
0 sold since Dec 20, 2016Î¾Î¾Vendor Level 3Î¾Trust Level 4",Purchase price: USD 50.00,25,Drugs & ChemicalsDrugs & Chemicals,Psychedelics,10 gram Dmt,"Buy price
USD 427.58

(0.3446 BTC)",TheDrugCompany,"Views: 853 / Bids: Fixed price
Quantity left: Unlimited",10 gram Dmt,Psychedelics,DMT,10 gram Dmt,"Sold by TheDrugCompany -
9 sold since Jun 12, 2016Î¾Î¾Vendor Level 7Î¾Trust Level 5",Purchase price: USD 427.58,10,Drugs & ChemicalsDrugs & Chemicals,Psychedelics,"200g Desert Dream N,N-DMT (41.5 USD per gram)","Buy price
USD 8,301.50

(6.6745 BTC)",Noumena,"Views: 76 / Bids: Fixed price
Quantity left: Unlimited","200g Desert Dream N,N-DMT (41.5 USD per gram)",Psychedelics,DMT,"200g Desert Dream N,N-DMT (41.5 USD per gram)","Sold by Noumena -
0 sold since Mar 16, 2017Î¾Î¾Vendor Level 8Î¾Trust Level 7","Purchase price: USD 8,301.50",20,Drugs & ChemicalsDrugs & Chemicals,Psychedelics,[ETH/ XMR] 250mg - 5-MeO-DMT - Freebase - Purified Potent Tryptamine,"Buy price
USD 59.00

(0.0476 BTC)",Cannabis,null,[ETH/ XMR] 250mg - 5-MeO-DMT - Freebase - Purified Potent Tryptamine,Psychedelics,DMT,[ETH/ XMR] 250mg - 5-MeO-DMT - Freebase - Purified...,"Sold by Cannabis -
6 sold since Mar 2, 2017Î¾Î¾Vendor Level 3Î¾Trust Level 6",Purchase price: USD 59.00,12,Drugs & ChemicalsDrugs & Chemicals,Psychedelics,DMT Machine x25 (Bulk Discount),"Buy price
USD 100.00

(0.0806 BTC)",PlanetExpressUSA,"Views: 291 / Bids: Fixed price
Quantity left: Unlimited",DMT Machine x25 (Bulk Discount),Psychedelics,DMT,DMT Machine x25 (Bulk Discount),"Sold by PlanetExpressUSA -
0 sold since Jul 15, 2016Î¾Î¾Vendor Level 2Î¾Trust Level 4",Purchase price: USD 100.00,30,Drugs & ChemicalsDrugs & Chemicals,Psychedelics,DMT Changa 50% DMT - 250mg,"Buy price
USD 34.21

(0.0276 BTC)",Cloud_Aviator,null,DMT Changa 50% DMT - 250mg,Psychedelics,DMT,DMT Changa 50% DMT - 250mg,"Sold by Cloud_Aviator -
1 sold since Feb 23, 2017Î¾Î¾Vendor Level 1Î¾Trust Level 3",Purchase price: USD 34.21,19,Drugs & ChemicalsDrugs & Chemicals,Psychedelics,"DMT Pure Crystal 50g (N,N-Dimethyltryptamine)  Š…ÄŠ…Ä FULL ESCROW Š…ÄŠ…Ä 100% delivery","Buy price
USD 1,450.00

(1.1672 BTC)",masturba.TOR,"Views: 22 / Bids: Fixed price
Quantity left: Unlimited","DMT Pure Crystal 50g (N,N-Dimethyltryptamine)  Š…ÄŠ…Ä FULL ESCROW Š…ÄŠ…Ä 100% delivery",Psychedelics,DMT,"DMT Pure Crystal 50g (N,N-Dimethyltryptamine)  Š…ÄŠ…Ä ...","Sold by masturba.TOR -
0 sold since Apr 19, 2017Î¾Î¾Vendor Level 1Î¾Trust Level 3","Purchase price: USD 1,450.00",26,Drugs & ChemicalsDrugs & Chemicals,Psychedelics,5 gram Dmt,"Buy price
USD 225.04

(0.1812 BTC)",TheDrugCompany,null,5 gram Dmt,Psychedelics,DMT,5 gram Dmt,"Sold by TheDrugCompany -
34 sold since Jun 12, 2016Î¾Î¾Vendor Level 7Î¾Trust Level 5",Purchase price: USD 225.04,6,Drugs & ChemicalsDrugs & Chemicals,Psychedelics,ETHEREUM DISCOUNT 10 gram dmt dimethyltryptamine,"Buy price
USD 575.00

(0.4634 BTC)",visualtraveller,"Views: 9 / Bids: Fixed price
Quantity left: Unlimited",ETHEREUM DISCOUNT 10 gram dmt dimethyltryptamine,Psychedelics,DMT,ETHEREUM DISCOUNT 10 gram dmt dimethyltryptamine,"Sold by visualtraveller -
0 sold since Apr 9, 2017Î¾Î¾Vendor Level 1Î¾Trust Level 4",Purchase price: USD 575.00,,Drugs & ChemicalsDrugs & Chemicals,Psychedelics,"DMT Pure Crystal 20g (N,N-Dimethyltryptamine) sample Š…ÄŠ…Ä FULL ESCROW Š…ÄŠ…Ä 100% delivery","Buy price
USD 665.00

(0.5360 BTC)",masturba.TOR,"Views: 21 / Bids: Fixed price
Quantity left: Unlimited","DMT Pure Crystal 20g (N,N-Dimethyltryptamine) sample Š…ÄŠ…Ä FULL ESCROW Š…ÄŠ…Ä 100% delivery",Psychedelics,DMT,"DMT Pure Crystal 20g (N,N-Dimethyltryptamine) samp...","Sold by masturba.TOR -
0 sold since Apr 19, 2017Î¾Î¾Vendor Level 1Î¾Trust Level 3",Purchase price: USD 665.00,22,Drugs & ChemicalsDrugs & Chemicals,Psychedelics,1g Freebase DMT,"Buy price
USD 125.00

(0.1007 BTC)",Fapppylicious,"Views: 341 / Bids: Fixed price
Quantity left: 1",1g Freebase DMT,Psychedelics,DMT,1g Freebase DMT,"Sold by Fapppylicious -
2 sold since Aug 24, 2016Î¾Î¾Vendor Level 6Î¾Trust Level 6",Purchase price: USD 125.00,16,Drugs & ChemicalsDrugs & Chemicals,Psychedelics,1.0g Changa (Super Strength Blend),"Buy price
USD 54.95

(0.0443 BTC)",JonnyRambo,"Views: 411 / Bids: Fixed price
Quantity left: Unlimited",1.0g Changa (Super Strength Blend),Psychedelics,DMT,1.0g Changa (Super Strength Blend),"Sold by JonnyRambo -
8 sold since Mar 7, 2017Î¾Î¾Vendor Level 2Î¾Trust Level 3",Purchase price: USD 54.95,11,Drugs & ChemicalsDrugs & Chemicals,Psychedelics,1 gram Harmala Freebase Isolate 99% [MAOI Monoamine Oxidase Inhibitor for Ayahuasca],"Buy price
USD 30.00

(0.0242 BTC)",prodruq,"Views: 233 / Bids: Fixed price
Quantity left: Unlimited",1 gram Harmala Freebase Isolate 99% [MAOI Monoamine Oxidase Inhibitor for Ayahuasca],Psychedelics,DMT,1 gram Harmala Freebase Isolate 99% [MAOI Monoamin...,"Sold by prodruq -
1 sold since Dec 17, 2016Î¾Î¾Vendor Level 3Î¾Trust Level 4",Purchase price: USD 30.00,18,Drugs & ChemicalsDrugs & Chemicals,Psychedelics,1000mg Changa Lotus Blend 60+% DMT,"Buy price
USD 68.62

(0.0552 BTC)",McKennaInc.,"Views: 926 / Bids: Fixed price
Quantity left: Unlimited",1000mg Changa Lotus Blend 60+% DMT,Psychedelics,DMT,1000mg Changa Lotus Blend 60+% DMT,"Sold by McKennaInc. -
32 sold since Oct 26, 2016Î¾Î¾Vendor Level 2Î¾Trust Level 4",Purchase price: USD 68.62,6,Drugs & ChemicalsDrugs & Chemicals,Psychedelics,1g DMT Crystals,"Buy price
USD 140.00

(0.1128 BTC)",flipkart,"Views: 104 / Bids: Fixed price
Quantity left: Unlimited",1g DMT Crystals,Psychedelics,DMT,1g DMT Crystals,"Sold by flipkart -
0 sold since Feb 21, 2017Î¾Î¾Vendor Level 2Î¾Trust Level 5",Purchase price: USD 140.00,22,Drugs & ChemicalsDrugs & Chemicals,Psychedelics,"DMT Pure Crystal 10g (N,N-Dimethyltryptamine) sample Š…ÄŠ…Ä FULL ESCROW Š…ÄŠ…Ä 100% delivery","Buy price
USD 365.00

(0.2942 BTC)",masturba.TOR,"Views: 48 / Bids: Fixed price
Quantity left: Unlimited","DMT Pure Crystal 10g (N,N-Dimethyltryptamine) sample Š…ÄŠ…Ä FULL ESCROW Š…ÄŠ…Ä 100% delivery",Psychedelics,DMT,"DMT Pure Crystal 10g (N,N-Dimethyltryptamine) samp...","Sold by masturba.TOR -
0 sold since Apr 18, 2017Î¾Î¾Vendor Level 1Î¾Trust Level 3",Purchase price: USD 365.00,30,Drugs & ChemicalsDrugs & Chemicals,Psychedelics,5g SUPER SHAMAN Strenght DMT 50% Changa. All organic. 10%,"Buy price
USD 244.32

(0.1969 BTC)",Weed4bits2,"Views: 898 / Bids: Fixed price
Quantity left: Unlimited",5g SUPER SHAMAN Strenght DMT 50% Changa. All organic. 10%,Psychedelics,DMT,5g SUPER SHAMAN Strenght DMT 50% Changa. All organ...,"Sold by Weed4bits2 -
10 sold since May 11, 2016Î¾Î¾Vendor Level 3Î¾Trust Level 5",Purchase price: USD 244.32,10,Drugs & ChemicalsDrugs & Chemicals,Psychedelics,Micro G Pen Wax Pollen Oil Shatter Vaporizer,"Buy price
USD 35.00

(0.0282 BTC)",ESLight,"Views: 466 / Bids: Fixed price
Quantity left: Unlimited",Micro G Pen Wax Pollen Oil Shatter Vaporizer,Psychedelics,DMT,Micro G Pen Wax Pollen Oil Shatter Vaporizer,"Sold by ESLight -
2 sold since Nov 18, 2016Î¾Î¾Vendor Level 3Î¾Trust Level 6",Purchase price: USD 35.00,15,Drugs & ChemicalsDrugs & Chemicals,Psychedelics,DMT sample 100mg 6EUR,"Buy price
USD 6.82

(0.0055 BTC)",valuelogistics,"Views: 1500 / Bids: Fixed price
Quantity left: 4",DMT sample 100mg 6EUR,Psychedelics,DMT,DMT sample 100mg 6EUR,"Sold by valuelogistics -
57 sold since Dec 2, 2016Î¾Î¾Vendor Level 1Î¾Trust Level 5",Purchase price: USD 6.82,5,Drugs & ChemicalsDrugs & Chemicals,Psychedelics,500mg Changa Lotus Blend 60+% DMT,"Buy price
USD 36.69

(0.0295 BTC)",McKennaInc.,null,500mg Changa Lotus Blend 60+% DMT,Psychedelics,DMT,500mg Changa Lotus Blend 60+% DMT,"Sold by McKennaInc. -
27 sold since Oct 26, 2016Î¾Î¾Vendor Level 2Î¾Trust Level 4",Purchase price: USD 36.69,7,Drugs & ChemicalsDrugs & Chemicals,Psychedelics,"Changa with 50 % DMT, 1 gram. FREE SHIPPING","Buy price
USD 50.72

(0.0409 BTC)",TheGreenGrocer,"Views: 353 / Bids: Fixed price
Quantity left: Unlimited","Changa with 50 % DMT, 1 gram. FREE SHIPPING",Psychedelics,DMT,"Changa with 50 % DMT, 1 gram. FREE SHIPPING","Sold by TheGreenGrocer -
1 sold since Sep 12, 2016Î¾Î¾Vendor Level 5Î¾Trust Level 5",Purchase price: USD 50.72,18,Drugs & ChemicalsDrugs & Chemicals,Psychedelics,1.0 gram 4-AcO-DMT fumarate ( O-Acetylpsilocin ) ~ INTRO PRICE ~ -= SHIP WORLDWIDE =-,"Buy price
USD 69.99

(0.0564 BTC)",PinkySplash,"Views: 170 / Bids: Fixed price
Quantity left: Unlimited",1.0 gram 4-AcO-DMT fumarate ( O-Acetylpsilocin ) ~ INTRO PRICE ~ -= SHIP WORLDWIDE =-,Psychedelics,DMT,1.0 gram 4-AcO-DMT fumarate ( O-Acetylpsilocin ) ~...,"Sold by PinkySplash -
8 sold since Mar 12, 2017Î¾Î¾Vendor Level 5Î¾Trust Level 5",Purchase price: USD 69.99,11,Drugs & ChemicalsDrugs & Chemicals,Psychedelics,0.25g Freebase DMT,"Buy price
USD 43.00

(0.0347 BTC)",Fapppylicious,null,0.25g Freebase DMT,Psychedelics,DMT,0.25g Freebase DMT,"Sold by Fapppylicious -
3 sold since Aug 24, 2016Î¾Î¾Vendor Level 6Î¾Trust Level 6",Purchase price: USD 43.00,15,Drugs & ChemicalsDrugs & Chemicals,Psychedelics,"1000mg Amazing Changa (33% DMT, 33% Harmala), smokable Pharmahuasca","Buy price
USD 34.36

(0.0277 BTC)",mleeee,null,"1000mg Amazing Changa (33% DMT, 33% Harmala), smokable Pharmahuasca",Psychedelics,DMT,"1000mg Amazing Changa (33% DMT, 33% Harmala), smok...","Sold by mleeee -
23 sold since Sep 9, 2016Î¾Î¾Vendor Level 2Î¾Trust Level 6",null,7,Drugs & ChemicalsDrugs & Chemicals,Psychedelics,25 gram Dmt,"Buy price
USD 1,040.83

(0.8389 BTC)",TheDrugCompany,"Views: 546 / Bids: Fixed price
Quantity left: Unlimited",25 gram Dmt,Psychedelics,DMT,25 gram Dmt,"Sold by TheDrugCompany -
4 sold since Jun 12, 2016Î¾Î¾Vendor Level 7Î¾Trust Level 5","Purchase price: USD 1,040.83",13,Drugs & ChemicalsDrugs & Chemicals,Psychedelics,Ayahuasca One Person Kit,"Buy price
USD 30.00

(0.0242 BTC)",blackhand,"Views: 867 / Bids: Fixed price
Quantity left: Unlimited",Ayahuasca One Person Kit,Psychedelics,DMT,Ayahuasca One Person Kit,"Sold by blackhand -
6 sold since Mar 18, 2016Î¾Î¾Vendor Level 4Î¾Trust Level 6",Purchase price: USD 30.00,12,Drugs & ChemicalsDrugs & Chemicals,Psychedelics,50 gram Dmt,"Buy price
USD 2,014.15

(1.6194 BTC)",TheDrugCompany,"Views: 455 / Bids: Fixed price
Quantity left: Unlimited",50 gram Dmt,Psychedelics,DMT,50 gram Dmt,"Sold by TheDrugCompany -
1 sold since Jun 12, 2016Î¾Î¾Vendor Level 7Î¾Trust Level 5","Purchase price: USD 2,014.15",17,Drugs & ChemicalsDrugs & Chemicals,Psychedelics,ETHEREUM DISCOUNT 2 grams dmt dimethyltryptamine,"Buy price
USD 115.00

(0.0927 BTC)",visualtraveller,"Views: 7 / Bids: Fixed price
Quantity left: Unlimited",ETHEREUM DISCOUNT 2 grams dmt dimethyltryptamine,Psychedelics,DMT,ETHEREUM DISCOUNT 2 grams dmt dimethyltryptamine,"Sold by visualtraveller -
0 sold since Apr 10, 2017Î¾Î¾Vendor Level 1Î¾Trust Level 4",Purchase price: USD 115.00,22,Drugs & ChemicalsDrugs & Chemicals,Psychedelics,DMT 7000 mg (7g)  - Pure crystals - High quality - Express Post - Escrow,"Buy price
USD 1,085.53

(0.8749 BTC)",MrDMT,null,DMT 7000 mg (7g)  - Pure crystals - High quality - Express Post - Escrow,Psychedelics,DMT,DMT 7000 mg (7g)  - Pure crystals - High quality -...,"Sold by MrDMT -
16 sold since Jun 28, 2015Î¾Î¾Vendor Level 6Î¾Trust Level 6","Purchase price: USD 1,085.53",9,Drugs & ChemicalsDrugs & Chemicals,Psychedelics,"2g Dream Sand N,N-DMT (68 USD per gram)","Buy price
USD 136.00

(0.1097 BTC)",Noumena,"Views: 4356 / Bids: Fixed price
Quantity left: Unlimited","2g Dream Sand N,N-DMT (68 USD per gram)",Psychedelics,DMT,"2g Dream Sand N,N-DMT (68 USD per gram)","Sold by Noumena -
225 sold since Sep 21, 2015Î¾Î¾Vendor Level 8Î¾Trust Level 7",Purchase price: USD 136.00,3,Drugs & ChemicalsDrugs & Chemicals,Psychedelics,"Š…ÄŠ…ÄŠ…Ä1/2 gram 500mg PURE N,N-DMTŠ…ÄŠ…ÄŠ…Ä$100 [ESCROW]Š…ÄŠ…ÄŠ…ÄAU ONLYŠ…ÄŠ…ÄŠ…ÄFREE EXPRESSŠ…ÄŠ…ÄŠ…Ä","Buy price
USD 74.70

(0.0602 BTC)",DimitriBros,null,"Š…ÄŠ…ÄŠ…Ä1/2 gram 500mg PURE N,N-DMTŠ…ÄŠ…ÄŠ…Ä$100 [ESCROW]Š…ÄŠ…ÄŠ…ÄAU ONLYŠ…ÄŠ…ÄŠ…ÄFREE EXPRESSŠ…ÄŠ…ÄŠ…Ä",Psychedelics,DMT,"Š…ÄŠ…ÄŠ…Ä1/2 gram 500mg PURE N,N-DMTŠ…ÄŠ…ÄŠ…Ä$100 [ESCROW]Š…ÄŠ…ÄŠ…ÄA...","Sold by DimitriBros -
17 sold since Jul 28, 2016Î¾Î¾Vendor Level 1Î¾Trust Level 4",Purchase price: USD 74.70,9,Drugs & ChemicalsDrugs & Chemicals,Psychedelics,Quality fluffy white DMT 300mg,"Buy price
USD 36.69

(0.0296 BTC)",SpaceyElf,"Views: 12781 / Bids: Fixed price
Quantity left: Unlimited",Quality fluffy white DMT 300mg,Psychedelics,DMT,Quality fluffy white DMT 300mg,"Sold by SpaceyElf -
514 sold since Aug 29, 2015Î¾Î¾Vendor Level 6Î¾Trust Level 6",Purchase price: USD 36.69,2,Drugs & ChemicalsDrugs & Chemicals,Psychedelics,200 Milligram 4-ACO-DMT || Orally active Synthetic DMT || Legal Research Chemical,"Buy price
USD 21.36

(0.0172 BTC)",Dutchdrugz,"Views: 6212 / Bids: Fixed price
Quantity left: Unlimited",200 Milligram 4-ACO-DMT || Orally active Synthetic DMT || Legal Research Chemical,Psychedelics,DMT,200 Milligram 4-ACO-DMT || Orally active Synthetic...,"Sold by Dutchdrugz -
237 sold since Jun 19, 2016Î¾Î¾Vendor Level 5Î¾Trust Level 6",Purchase price: USD 21.36,3,Drugs & ChemicalsDrugs & Chemicals,Psychedelics,250mg NN-DMT,"Buy price
USD 53.69

(0.0432 BTC)",McKennaInc.,"Views: 868 / Bids: Fixed price
Quantity left: Unlimited",250mg NN-DMT,Psychedelics,DMT,250mg NN-DMT,"Sold by McKennaInc. -
41 sold since Oct 26, 2016Î¾Î¾Vendor Level 2Î¾Trust Level 4",Purchase price: USD 53.69,6,Drugs & ChemicalsDrugs & Chemicals,Psychedelics,0.5g DMT Freebase (NN-DMT),"Buy price
USD 31.85

(0.0256 BTC)",JonnyRambo,"Views: 581 / Bids: Fixed price
Quantity left: Unlimited",0.5g DMT Freebase (NN-DMT),Psychedelics,DMT,0.5g DMT Freebase (NN-DMT),"Sold by JonnyRambo -
24 sold since Feb 24, 2017Î¾Î¾Vendor Level 2Î¾Trust Level 3",Purchase price: USD 31.85,7,Drugs & ChemicalsDrugs & Chemicals,Psychedelics,7 grams - CHANGA (leaf infusion),"Buy price
USD 300.00

(0.2418 BTC)",DMT4LESS,"Views: 49 / Bids: Fixed price
Quantity left: 7",7 grams - CHANGA (leaf infusion),Psychedelics,DMT,7 grams - CHANGA (leaf infusion),"Sold by DMT4LESS -
1 sold since Apr 7, 2017Î¾Î¾Vendor Level 1Î¾Trust Level 4",Purchase price: USD 300.00,18,Drugs & ChemicalsDrugs & Chemicals,Psychedelics,7.0g Changa (Super Strength Blend),"Buy price
USD 300.17

(0.2419 BTC)",JonnyRambo,"Views: 138 / Bids: Fixed price
Quantity left: Unlimited",7.0g Changa (Super Strength Blend),Psychedelics,DMT,7.0g Changa (Super Strength Blend),"Sold by JonnyRambo -
0 sold since Mar 7, 2017Î¾Î¾Vendor Level 2Î¾Trust Level 3",Purchase price: USD 300.17,28,Drugs & ChemicalsDrugs & Chemicals,Psychedelics,"15g/0.5oz Dream Sand N,N-DMT (59.32 USD per gram)","Buy price
USD 889.76

(0.7171 BTC)",Noumena,"Views: 72 / Bids: Fixed price
Quantity left: Unlimited","15g/0.5oz Dream Sand N,N-DMT (59.32 USD per gram)",Psychedelics,DMT,"15g/0.5oz Dream Sand N,N-DMT (59.32 USD per gram)","Sold by Noumena -
0 sold since Mar 13, 2017Î¾Î¾Vendor Level 8Î¾Trust Level 7",Purchase price: USD 889.76,22,Drugs & ChemicalsDrugs & Chemicals,Psychedelics,"8g Desert Dream N,N-DMT (52 USD per gram)","Buy price
USD 416.00

(0.3353 BTC)",Noumena,"Views: 93 / Bids: Fixed price
Quantity left: Unlimited","8g Desert Dream N,N-DMT (52 USD per gram)",Psychedelics,DMT,"8g Desert Dream N,N-DMT (52 USD per gram)","Sold by Noumena -
2 sold since Mar 20, 2017Î¾Î¾Vendor Level 8Î¾Trust Level 7",Purchase price: USD 416.00,16,Drugs & ChemicalsDrugs & Chemicals,Psychedelics,DMT Wanga 60% DMT - 500mg,"Buy price
USD 64.61

(0.0521 BTC)",Cloud_Aviator,null,DMT Wanga 60% DMT - 500mg,Psychedelics,DMT,DMT Wanga 60% DMT - 500mg,"Sold by Cloud_Aviator -
2 sold since Mar 4, 2017Î¾Î¾Vendor Level 1Î¾Trust Level 3",Purchase price: USD 64.61,16,Drugs & ChemicalsDrugs & Chemicals,Psychedelics,DMT 3500 mg (3.5g) - Pure crystals - High quality - Express Post - Escrow,"Buy price
USD 588.55

(0.4732 BTC)",MrDMT,"Views: 420 / Bids: Fixed price
Quantity left: 36",DMT 3500 mg (3.5g) - Pure crystals - High quality - Express Post - Escrow,Psychedelics,DMT,DMT 3500 mg (3.5g) - Pure crystals - High quality ...,"Sold by MrDMT -
1 sold since Jun 11, 2016Î¾Î¾Vendor Level 6Î¾Trust Level 6",Purchase price: USD 588.55,17,Drugs & ChemicalsDrugs & Chemicals,Psychedelics,DMT (White Dream Sand) 3.5 GRAMS-$280 **ON SALE,"Buy price
USD 280.00

(0.2257 BTC)",DreamDoctor,"Views: 380 / Bids: Fixed price
Quantity left: Unlimited",DMT (White Dream Sand) 3.5 GRAMS-$280 **ON SALE,Psychedelics,DMT,DMT (White Dream Sand) 3.5 GRAMS-$280 **ON SALE,"Sold by DreamDoctor -
14 sold since Nov 18, 2016Î¾Î¾Vendor Level 6Î¾Trust Level 5",Purchase price: USD 280.00,9,Drugs & ChemicalsDrugs & Chemicals,Psychedelics,"DMT Pure Crystal 1g (N,N-Dimethyltryptamine) sample Š…ÄŠ…Ä FULL ESCROW Š…ÄŠ…Ä 100% delivery","Buy price
USD 55.00

(0.0443 BTC)",masturba.TOR,"Views: 24 / Bids: Fixed price
Quantity left: Unlimited","DMT Pure Crystal 1g (N,N-Dimethyltryptamine) sample Š…ÄŠ…Ä FULL ESCROW Š…ÄŠ…Ä 100% delivery",Psychedelics,DMT,"DMT Pure Crystal 1g (N,N-Dimethyltryptamine) sampl...","Sold by masturba.TOR -
0 sold since Apr 18, 2017Î¾Î¾Vendor Level 1Î¾Trust Level 3",Purchase price: USD 55.00,28,Drugs & ChemicalsDrugs & Chemicals,Psychedelics,250MG DMT > Escrow <  > Free Post <  PURE,"Buy price
USD 70.00

(0.0565 BTC)",HangAbout,"Views: 2931 / Bids: Fixed price
Quantity left: Unlimited",250MG DMT > Escrow <  > Free Post <  PURE,Psychedelics,DMT,250MG DMT > Escrow <  > Free Post <  P...,"Sold by HangAbout -
107 sold since Oct 6, 2015Î¾Î¾Vendor Level 4Î¾Trust Level 6",Purchase price: USD 70.00,4,Drugs & ChemicalsDrugs & Chemicals,Psychedelics,"DMT, .5g fuller spectrum extraction","Buy price
USD 55.00

(0.0443 BTC)",EveAdamstein,"Views: 37 / Bids: Fixed price
Quantity left: 6","DMT, .5g fuller spectrum extraction",Psychedelics,DMT,"DMT, .5g fuller spectrum extraction","Sold by EveAdamstein -
0 sold since Apr 11, 2017Î¾Î¾Vendor Level 1Î¾Trust Level 3",Purchase price: USD 55.00,27,Drugs & ChemicalsDrugs & Chemicals,Psychedelics,10 gram dmt dimethyltryptamine,"Buy price
USD 610.00

(0.4916 BTC)",visualtraveller,"Views: 69 / Bids: Fixed price
Quantity left: Unlimited",10 gram dmt dimethyltryptamine,Psychedelics,DMT,10 gram dmt dimethyltryptamine,"Sold by visualtraveller -
0 sold since Jan 6, 2017Î¾Î¾Vendor Level 1Î¾Trust Level 4",Purchase price: USD 610.00,25,Drugs & ChemicalsDrugs & Chemicals,Psychedelics,DMT Machine x10 (Bulk Discount),"Buy price
USD 40.00

(0.0322 BTC)",PlanetExpressUSA,"Views: 289 / Bids: Fixed price
Quantity left: Unlimited",DMT Machine x10 (Bulk Discount),Psychedelics,DMT,DMT Machine x10 (Bulk Discount),"Sold by PlanetExpressUSA -
0 sold since Jul 15, 2016Î¾Î¾Vendor Level 2Î¾Trust Level 4",Purchase price: USD 40.00,21,Drugs & ChemicalsDrugs & Chemicals,Psychedelics,DMT Changa Caapi MAOI 50% DMT - 250mg,"Buy price
USD 33.95

(0.0274 BTC)",Cloud_Aviator,null,DMT Changa Caapi MAOI 50% DMT - 250mg,Psychedelics,DMT,DMT Changa Caapi MAOI 50% DMT - 250mg,"Sold by Cloud_Aviator -
8 sold since Feb 23, 2017Î¾Î¾Vendor Level 1Î¾Trust Level 3",Purchase price: USD 33.95,11,Drugs & ChemicalsDrugs & Chemicals,Psychedelics,"DMT 250mg, natural extraction, very potent Psychedelic","Buy price
USD 26.64

(0.0215 BTC)",Chem__Trails,"Views: 19 / Bids: Fixed price
Quantity left: Unlimited","DMT 250mg, natural extraction, very potent Psychedelic",Psychedelics,DMT,"DMT 250mg, natural extraction, very potent Psyched...","Sold by Chem__Trails -
0 sold since Apr 17, 2017Î¾Î¾Vendor Level 1Î¾Trust Level 3",Purchase price: USD 26.64,25,Drugs & ChemicalsDrugs & Chemicals,Psychedelics,"20g Desert Dream N,N-DMT (47.7 USD per gram)","Buy price
USD 954.50

(0.7693 BTC)",Noumena,"Views: 77 / Bids: Fixed price
Quantity left: Unlimited","20g Desert Dream N,N-DMT (47.7 USD per gram)",Psychedelics,DMT,"20g Desert Dream N,N-DMT (47.7 USD per gram)","Sold by Noumena -
1 sold since Mar 13, 2017Î¾Î¾Vendor Level 8Î¾Trust Level 7",Purchase price: USD 954.50,18,Drugs & ChemicalsDrugs & Chemicals,Psychedelics,1g Changa Revelations,"Buy price
USD 45.00

(0.0363 BTC)",Noumena,null,1g Changa Revelations,Psychedelics,DMT,1g Changa Revelations,"Sold by Noumena -
73 sold since Mar 24, 2017Î¾Î¾Vendor Level 8Î¾Trust Level 7",null,4,Drugs & ChemicalsDrugs & Chemicals,Psychedelics,0.125g Changa Revelations,"Buy price
USD 6.10

(0.0049 BTC)",Noumena,"Views: 1373 / Bids: Fixed price
Quantity left: Unlimited",0.125g Changa Revelations,Psychedelics,DMT,0.125g Changa Revelations,"Sold by Noumena -
64 sold since Mar 24, 2017Î¾Î¾Vendor Level 8Î¾Trust Level 7",Purchase price: USD 6.10,5,Drugs & ChemicalsDrugs & Chemicals,Psychedelics,Quality fluffy white DMT 1g,"Buy price
USD 80.08

(0.0646 BTC)",SpaceyElf,"Views: 11221 / Bids: Fixed price
Quantity left: Unlimited",Quality fluffy white DMT 1g,Psychedelics,DMT,Quality fluffy white DMT 1g,"Sold by SpaceyElf -
483 sold since Aug 29, 2015Î¾Î¾Vendor Level 6Î¾Trust Level 6",Purchase price: USD 80.08,2,Drugs & ChemicalsDrugs & Chemicals,Psychedelics,"DMT Pure Crystal 10g (N,N-Dimethyltryptamine) sample Š…ÄŠ…Ä FULL ESCROW Š…ÄŠ…Ä 100% delivery","Buy price
USD 365.00

(0.2942 BTC)",masturba.TOR,"Views: 33 / Bids: Fixed price
Quantity left: Unlimited","DMT Pure Crystal 10g (N,N-Dimethyltryptamine) sample Š…ÄŠ…Ä FULL ESCROW Š…ÄŠ…Ä 100% delivery",Psychedelics,DMT,"DMT Pure Crystal 10g (N,N-Dimethyltryptamine) samp...","Sold by masturba.TOR -
0 sold since Apr 18, 2017Î¾Î¾Vendor Level 1Î¾Trust Level 3",Purchase price: USD 365.00,24,Drugs & ChemicalsDrugs & Chemicals,Psychedelics,"2g Dream Combo (one bag of each kind) N,N-DMT (64.75 USD per gram)","Buy price
USD 129.50

(0.1045 BTC)",Noumena,"Views: 1111 / Bids: Fixed price
Quantity left: Unlimited","2g Dream Combo (one bag of each kind) N,N-DMT (64.75 USD per gram)",Psychedelics,DMT,"2g Dream Combo (one bag of each kind) N,N-DMT (64....","Sold by Noumena -
50 sold since Jun 23, 2016Î¾Î¾Vendor Level 8Î¾Trust Level 7",Purchase price: USD 129.50,5,Drugs & ChemicalsDrugs & Chemicals,Psychedelics,100mg DMT Crystal Hand MHRB Extraction,"Buy price
USD 15.00

(0.0121 BTC)",LoveIsTheKey,"Views: 10518 / Bids: Fixed price
Quantity left: Unlimited",100mg DMT Crystal Hand MHRB Extraction,Psychedelics,DMT,100mg DMT Crystal Hand MHRB Extraction,"Sold by LoveIsTheKey -
390 sold since Sep 6, 2015Î¾Î¾Vendor Level 7Î¾Trust Level 6",Purchase price: USD 15.00,2,Drugs & ChemicalsDrugs & Chemicals,Psychedelics,NEW WORLD - FREE FOR ALL GOOD PEOPLE,"Buy price
USD 0.00

(0.0000 BTC)",ErvinCZ,null,NEW WORLD - FREE FOR ALL GOOD PEOPLE,Psychedelics,DMT,NEW WORLD - FREE FOR ALL GOOD PEOPLE,"Sold by ErvinCZ -
19 sold since Oct 6, 2016Î¾Î¾Vendor Level 1Î¾Trust Level 5",Purchase price: USD 0.00,8,Drugs & ChemicalsDrugs & Chemicals,Psychedelics,250 MG WHITE DREAM (DMT PURE 100%)(free shipping),"Buy price
USD 19.11

(0.0154 BTC)",Dmt-King,"Views: 763 / Bids: Fixed price
Quantity left: Unlimited",250 MG WHITE DREAM (DMT PURE 100%)(free shipping),Psychedelics,DMT,250 MG WHITE DREAM (DMT PURE 100%)(free shipping),"Sold by Dmt-King -
23 sold since Dec 3, 2016Î¾Î¾Vendor Level 2Î¾Trust Level 4",Purchase price: USD 19.11,7,Drugs & ChemicalsDrugs & Chemicals,Psychedelics,2 OZ - CHANGA (leaf infusion),"Buy price
USD 1,000.00

(0.8060 BTC)",DMT4LESS,"Views: 31 / Bids: Fixed price
Quantity left: 1",2 OZ - CHANGA (leaf infusion),Psychedelics,DMT,2 OZ - CHANGA (leaf infusion),"Sold by DMT4LESS -
0 sold since Mar 29, 2017Î¾Î¾Vendor Level 1Î¾Trust Level 4","Purchase price: USD 1,000.00",19,Drugs & ChemicalsDrugs & Chemicals,Psychedelics,Dimethyltrptamine (DMT) Vape Cartridge-Revolutionary New Tech 5 pack,"Buy price
USD 300.00

(0.2418 BTC)",King.Midas,"Views: 45 / Bids: Fixed price
Quantity left: Unlimited",Dimethyltrptamine (DMT) Vape Cartridge-Revolutionary New Tech 5 pack,Psychedelics,DMT,Dimethyltrptamine (DMT) Vape Cartridge-Revolutiona...,"Sold by King.Midas -
0 sold since Apr 15, 2017Î¾Î¾Vendor Level 4Î¾Trust Level 6",Purchase price: USD 300.00,25,Drugs & ChemicalsDrugs & Chemicals,Psychedelics,1000mg NN-DMT,"Buy price
USD 150.50

(0.1211 BTC)",McKennaInc.,null,1000mg NN-DMT,Psychedelics,DMT,1000mg NN-DMT,"Sold by McKennaInc. -
35 sold since Oct 26, 2016Î¾Î¾Vendor Level 2Î¾Trust Level 4",null,6,Drugs & ChemicalsDrugs & Chemicals,Psychedelics,15% extra 1.5gr DMT (free shipment world wide),"Buy price
USD 63.77

(0.0514 BTC)",TheRisingBastards,"Views: 96 / Bids: Fixed price
Quantity left: Unlimited",15% extra 1.5gr DMT (free shipment world wide),Psychedelics,DMT,15% extra 1.5gr DMT (free shipment world wide),"Sold by TheRisingBastards -
0 sold since Jan 23, 2017Î¾Î¾Vendor Level 1Î¾Trust Level 3",Purchase price: USD 63.77,27,Drugs & ChemicalsDrugs & Chemicals,Psychedelics,DMT Machine,"Buy price
USD 10.00

(0.0081 BTC)",YourMomsBox,null,DMT Machine,Psychedelics,DMT,DMT Machine,"Sold by YourMomsBox -
0 sold since Mar 20, 2017Î¾Î¾Vendor Level 1Î¾Trust Level 3",Purchase price: USD 10.00,22,Drugs & ChemicalsDrugs & Chemicals,Psychedelics,DMT 20 gr 1050 euro FREE SHIPPING,"Buy price
USD 1,103.99

(0.8898 BTC)",187Ghost,"Views: 40 / Bids: Fixed price
Quantity left: Unlimited",DMT 20 gr 1050 euro FREE SHIPPING,Psychedelics,DMT,DMT 20 gr 1050 euro FREE SHIPPING,"Sold by 187Ghost -
0 sold since Mar 5, 2017Î¾Î¾Vendor Level 1Î¾Trust Level 3","Purchase price: USD 1,103.99",30,Drugs & ChemicalsDrugs & Chemicals,Psychedelics,500gr of Brazilian Powdered Mimosa Hostilis MHRB,"Buy price
USD 49.95

(0.0403 BTC)",pinealguru,"Views: 1068 / Bids: Fixed price
Quantity left: 10",500gr of Brazilian Powdered Mimosa Hostilis MHRB,Psychedelics,DMT,500gr of Brazilian Powdered Mimosa Hostilis MHRB,"Sold by pinealguru -
11 sold since Feb 12, 2016Î¾Î¾Vendor Level 1Î¾Trust Level 5",Purchase price: USD 49.95,10,Drugs & ChemicalsDrugs & Chemicals,Psychedelics,0.25g Changa Revelations,"Buy price
USD 11.90

(0.0096 BTC)",Noumena,"Views: 261 / Bids: Fixed price
Quantity left: Unlimited",0.25g Changa Revelations,Psychedelics,DMT,0.25g Changa Revelations,"Sold by Noumena -
20 sold since Mar 24, 2017Î¾Î¾Vendor Level 8Î¾Trust Level 7",Purchase price: USD 11.90,8,Drugs & ChemicalsDrugs & Chemicals,Psychedelics,15% extra 3.5gr DMT (free shipment world wide),"Buy price
USD 116.90

(0.0942 BTC)",TheRisingBastards,"Views: 83 / Bids: Fixed price
Quantity left: Unlimited",15% extra 3.5gr DMT (free shipment world wide),Psychedelics,DMT,15% extra 3.5gr DMT (free shipment world wide),"Sold by TheRisingBastards -
0 sold since Jan 23, 2017Î¾Î¾Vendor Level 1Î¾Trust Level 3",Purchase price: USD 116.90,24,Drugs & ChemicalsDrugs & Chemicals,Psychedelics,AYAHUASCA CIELO (CAAPI YELLOW) - BEST QUALITY OF AYAHUASCA HERB! - 1000GRAMS,"Buy price
USD 139.00

(0.1120 BTC)",MicroDroper,"Views: 137 / Bids: Fixed price
Quantity left: Unlimited",AYAHUASCA CIELO (CAAPI YELLOW) - BEST QUALITY OF AYAHUASCA HERB! - 1000GRAMS,Psychedelics,DMT,AYAHUASCA CIELO (CAAPI YELLOW) - BEST QUALITY OF A...,"Sold by MicroDroper -
0 sold since Jan 9, 2017Î¾Î¾Vendor Level 2Î¾Trust Level 6",Purchase price: USD 139.00,24,Drugs & ChemicalsDrugs & Chemicals,Psychedelics,7000mg Changa Lotus Blend 60%+ DMT,"Buy price
USD 452.59

(0.3648 BTC)",McKennaInc.,"Views: 174 / Bids: Fixed price
Quantity left: Unlimited",7000mg Changa Lotus Blend 60%+ DMT,Psychedelics,DMT,7000mg Changa Lotus Blend 60%+ DMT,"Sold by McKennaInc. -
3 sold since Oct 26, 2016Î¾Î¾Vendor Level 2Î¾Trust Level 4",Purchase price: USD 452.59,15,Drugs & ChemicalsDrugs & Chemicals,Psychedelics,Quality fluffy white DMT 4g,"Buy price
USD 266.93

(0.2153 BTC)",SpaceyElf,"Views: 1732 / Bids: Fixed price
Quantity left: Unlimited",Quality fluffy white DMT 4g,Psychedelics,DMT,Quality fluffy white DMT 4g,"Sold by SpaceyElf -
47 sold since Feb 8, 2016Î¾Î¾Vendor Level 6Î¾Trust Level 6",Purchase price: USD 266.93,5,Drugs & ChemicalsDrugs & Chemicals,Psychedelics,Ayahuasca vision kit 1,"Buy price
USD 21.79

(0.0176 BTC)",Mrs.Mushroom,"Views: 275 / Bids: Fixed price
Quantity left: 3",Ayahuasca vision kit 1,Psychedelics,DMT,Ayahuasca vision kit 1,"Sold by Mrs.Mushroom -
0 sold since Nov 12, 2016Î¾Î¾Vendor Level 5Î¾Trust Level 5",Purchase price: USD 21.79,21,Drugs & ChemicalsDrugs & Chemicals,Psychedelics,"DMT Pure Crystal 1g (N,N-Dimethyltryptamine) sample Š…ÄŠ…Ä FULL ESCROW Š…ÄŠ…Ä 100% delivery","Buy price
USD 55.00

(0.0443 BTC)",masturba.TOR,"Views: 55 / Bids: Fixed price
Quantity left: Unlimited","DMT Pure Crystal 1g (N,N-Dimethyltryptamine) sample Š…ÄŠ…Ä FULL ESCROW Š…ÄŠ…Ä 100% delivery",Psychedelics,DMT,"DMT Pure Crystal 1g (N,N-Dimethyltryptamine) sampl...","Sold by masturba.TOR -
0 sold since Apr 18, 2017Î¾Î¾Vendor Level 1Î¾Trust Level 3",Purchase price: USD 55.00,25,Drugs & ChemicalsDrugs & Chemicals,Psychedelics,DMT 1000mg HIGH QUALITY NN DIMETHYLTRYPTAMINE :) FREE SHIPPING!!!!!!!!,"Buy price
USD 61.85

(0.0498 BTC)",puremedicinehouse,null,DMT 1000mg HIGH QUALITY NN DIMETHYLTRYPTAMINE :) FREE SHIPPING!!!!!!!!,Psychedelics,DMT,DMT 1000mg HIGH QUALITY NN DIMETHYLTRYPTAMINE :) F...,"Sold by puremedicinehouse -
26 sold since Nov 9, 2016Î¾Î¾Vendor Level 3Î¾Trust Level 4",null,7,Drugs & ChemicalsDrugs & Chemicals,Psychedelics,"""HP WITH SPECIAL MAOIS YOU CAN DRINK-EAT. DIRECTLY CHANGES (ORAL HP) ...Beautiful holy powder.. 200 mg hp and 3 gram natural (hp trip selected) maois","Buy price
USD 26.55

(0.0214 BTC)",Only_Dmt_From_Tj_TerraJoulle,null,"""HP WITH SPECIAL MAOIS YOU CAN DRINK-EAT. DIRECTLY CHANGES (ORAL HP) ...Beautiful holy powder.. 200 mg hp and 3 gram natural (hp trip selected) maois",Psychedelics,DMT,"""HP WITH SPECIAL MAOIS YOU CAN DRINK-EAT. DIR...","Sold by Only_Dmt_From_Tj_TerraJoulle -
5 sold since Apr 12, 2017Î¾Î¾Vendor Level 4Î¾Trust Level 5",Purchase price: USD 26.55,13,Drugs & ChemicalsDrugs & Chemicals,Psychedelics,1000mg DMT Pure Crystal MHRB Hand Extraction,"Buy price
USD 98.00

(0.0790 BTC)",LoveIsTheKey,"Views: 2716 / Bids: Fixed price
Quantity left: Unlimited",1000mg DMT Pure Crystal MHRB Hand Extraction,Psychedelics,DMT,1000mg DMT Pure Crystal MHRB Hand Extraction,"Sold by LoveIsTheKey -
63 sold since Nov 7, 2015Î¾Î¾Vendor Level 7Î¾Trust Level 6",Purchase price: USD 98.00,5,Drugs & ChemicalsDrugs & Chemicals,Psychedelics,1g Freebase DMT Š—“Desert DreamŠ—,"Buy price
USD 65.00

(0.0524 BTC)",posivist,"Views: 389 / Bids: Fixed price
Quantity left: Unlimited",1g Freebase DMT Š—“Desert DreamŠ—,Psychedelics,DMT,1g Freebase DMT Š—“Desert DreamŠ—,"Sold by posivist -
2 sold since Nov 6, 2015Î¾Î¾Vendor Level 1Î¾Trust Level 4",Purchase price: USD 65.00,16,Drugs & ChemicalsDrugs & Chemicals,Psychedelics,DMT - Infused Magical Herbs - 500 MG - 55% DMT - NO MAOI/HARMINE BLEND - Free Postage,"Buy price
USD 60.37

(0.0487 BTC)",Eldars-Magic,"Views: 243 / Bids: Fixed price
Quantity left: Unlimited",DMT - Infused Magical Herbs - 500 MG - 55% DMT - NO MAOI/HARMINE BLEND - Free Postage,Psychedelics,DMT,DMT - Infused Magical Herbs - 500 MG - 55% DMT - N...,"Sold by Eldars-Magic -
4 sold since Feb 11, 2016Î¾Î¾Vendor Level 3Î¾Trust Level 5",Purchase price: USD 60.37,13,Drugs & ChemicalsDrugs & Chemicals,Psychedelics,1g Changa DMT 48% (Ayahuasca experience),"Buy price
USD 49.40

(0.0398 BTC)",Shoden,"Views: 481 / Bids: Fixed price
Quantity left: Unlimited",1g Changa DMT 48% (Ayahuasca experience),Psychedelics,DMT,1g Changa DMT 48% (Ayahuasca experience),"Sold by Shoden -
5 sold since Feb 16, 2017Î¾Î¾Vendor Level 1Î¾Trust Level 3",Purchase price: USD 49.40,13,Drugs & ChemicalsDrugs & Chemicals,Psychedelics,0.2g Changa 50% DMT - Containing Ayahuasca - Full Escrow,"Buy price
USD 15.00

(0.0121 BTC)",third_eye,"Views: 452 / Bids: Fixed price
Quantity left: 5",0.2g Changa 50% DMT - Containing Ayahuasca - Full Escrow,Psychedelics,DMT,0.2g Changa 50% DMT - Containing Ayahuasca - Full ...,"Sold by third_eye -
34 sold since Mar 22, 2017Î¾Î¾Vendor Level 1Î¾Trust Level 3",Purchase price: USD 15.00,6,Drugs & ChemicalsDrugs & Chemicals,Psychedelics,100MG DMT > Escrow <  > Free Post <  PURE,"Buy price
USD 35.00

(0.0282 BTC)",HangAbout,"Views: 5307 / Bids: Fixed price
Quantity left: Unlimited",100MG DMT > Escrow <  > Free Post <  PURE,Psychedelics,DMT,100MG DMT > Escrow <  > Free Post <  P...,"Sold by HangAbout -
128 sold since Aug 4, 2015Î¾Î¾Vendor Level 4Î¾Trust Level 6",Purchase price: USD 35.00,4,Drugs & ChemicalsDrugs & Chemicals,Psychedelics,DMT Machine,"Buy price
USD 9.50

(0.0077 BTC)",PlanetExpressUSA,null,DMT Machine,Psychedelics,DMT,DMT Machine,"Sold by PlanetExpressUSA -
2 sold since Jul 14, 2016Î¾Î¾Vendor Level 2Î¾Trust Level 4",null,16,Drugs & ChemicalsDrugs & Chemicals,Psychedelics,Powdered Mimosa Hostilis Root Bark from Brazil ! HIGHEST YIELD! 250g,"Buy price
USD 170.00

(0.1370 BTC)",ChemBros,"Views: 67 / Bids: Fixed price
Quantity left: Unlimited",Powdered Mimosa Hostilis Root Bark from Brazil ! HIGHEST YIELD! 250g,Psychedelics,DMT,Powdered Mimosa Hostilis Root Bark from Brazil ! H...,"Sold by ChemBros -
0 sold since Mar 7, 2017Î¾Î¾Vendor Level 3Î¾Trust Level 5",Purchase price: USD 170.00,25,Drugs & ChemicalsDrugs & Chemicals,Psychedelics,CHANGA 2000mg  Relaxing Blend,"Buy price
USD 64.00

(0.0516 BTC)",LoveIsTheKey,null,CHANGA 2000mg  Relaxing Blend,Psychedelics,DMT,CHANGA 2000mg  Relaxing Blend,"Sold by LoveIsTheKey -
0 sold since Jan 1, 2017Î¾Î¾Vendor Level 7Î¾Trust Level 6",Purchase price: USD 64.00,30,Drugs & ChemicalsDrugs & Chemicals,Psychedelics,0.5g    DMT,"Buy price
USD 65.00

(0.0524 BTC)",rogerpete,"Views: 10 / Bids: Fixed price
Quantity left: Unlimited",0.5g    DMT,Psychedelics,DMT,0.5g    DMT,"Sold by rogerpete -
0 sold since Apr 20, 2017Î¾Î¾Vendor Level 1Î¾Trust Level 3",Purchase price: USD 65.00,27,Drugs & ChemicalsDrugs & Chemicals,Psychedelics,DMT Changa 50% DMT - 500mg,"Buy price
USD 60.81

(0.0489 BTC)",Cloud_Aviator,null,DMT Changa 50% DMT - 500mg,Psychedelics,DMT,DMT Changa 50% DMT - 500mg,"Sold by Cloud_Aviator -
3 sold since Feb 23, 2017Î¾Î¾Vendor Level 1Î¾Trust Level 3",Purchase price: USD 60.81,14,Drugs & ChemicalsDrugs & Chemicals,Psychedelics,DMT Changa Caapi MAOI 50% DMT - 1g,"Buy price
USD 113.18

(0.0912 BTC)",Cloud_Aviator,null,DMT Changa Caapi MAOI 50% DMT - 1g,Psychedelics,DMT,DMT Changa Caapi MAOI 50% DMT - 1g,"Sold by Cloud_Aviator -
4 sold since Feb 19, 2017Î¾Î¾Vendor Level 1Î¾Trust Level 3",Purchase price: USD 113.18,13,Drugs & ChemicalsDrugs & Chemicals,Psychedelics,Š__Š__Š__Š__Š__Š__Š__Š__Š__Š__ Š__ COMPLETE DMT EXTRACTION GUIDE Š…Ä 2017,"Buy price
USD 0.00

(0.0000 BTC)",rbp,"Views: 585 / Bids: Fixed price
Quantity left: Unlimited",Š__Š__Š__Š__Š__Š__Š__Š__Š__Š__ Š__ COMPLETE DMT EXTRACTION GUIDE Š…Ä 2017,Psychedelics,DMT,Š__Š__Š__Š__Š__Š__Š__Š__Š__Š__ Š__ COMPLETE DMT EXTRACTION GUIDE Š…Ä 2017,"Sold by rbp -
27 sold since Jan 8, 2017Î¾Î¾Vendor Level 4Î¾Trust Level 4",Purchase price: USD 0.00,7,Drugs & ChemicalsDrugs & Chemicals,Psychedelics,"100mg Dream Combo (one bag of each kind) N,N-DMT (98 USD per gram)","Buy price
USD 9.80

(0.0079 BTC)",Noumena,"Views: 311 / Bids: Fixed price
Quantity left: Unlimited","100mg Dream Combo (one bag of each kind) N,N-DMT (98 USD per gram)",Psychedelics,DMT,"100mg Dream Combo (one bag of each kind) N,N-DMT (...","Sold by Noumena -
24 sold since Mar 20, 2017Î¾Î¾Vendor Level 8Î¾Trust Level 7",Purchase price: USD 9.80,7,Drugs & ChemicalsDrugs & Chemicals,Psychedelics,"DMT, 1g","Buy price
USD 102.00

(0.0822 BTC)",EveAdamstein,"Views: 35 / Bids: Fixed price
Quantity left: 6","DMT, 1g",Psychedelics,DMT,"DMT, 1g","Sold by EveAdamstein -
0 sold since Apr 11, 2017Î¾Î¾Vendor Level 1Î¾Trust Level 3",Purchase price: USD 102.00,25,Drugs & ChemicalsDrugs & Chemicals,Psychedelics,1.25 grams dmt dimethyltryptamine,"Buy price
USD 75.00

(0.0604 BTC)",visualtraveller,"Views: 178 / Bids: Fixed price
Quantity left: Unlimited",1.25 grams dmt dimethyltryptamine,Psychedelics,DMT,1.25 grams dmt dimethyltryptamine,"Sold by visualtraveller -
1 sold since Dec 19, 2016Î¾Î¾Vendor Level 1Î¾Trust Level 4",Purchase price: USD 75.00,19,Drugs & ChemicalsDrugs & Chemicals,Psychedelics,<3 SPECIAL OFFER 3g CHANGA 50% Pure DMT Good Buy,"Buy price
USD 115.00

(0.0928 BTC)",DMT-lovestore,"Views: 1838 / Bids: Fixed price
Quantity left: 10",<3 SPECIAL OFFER 3g CHANGA 50% Pure DMT Good Buy,Psychedelics,DMT,<3 SPECIAL OFFER 3g CHANGA 50% Pure DMT Good Bu...,"Sold by DMT-lovestore -
64 sold since Nov 6, 2015Î¾Î¾Vendor Level 5Î¾Trust Level 5",Purchase price: USD 115.00,5,Drugs & ChemicalsDrugs & Chemicals,Psychedelics,"500mg Desert Dream N,N-DMT (73.93 USD per gram)","Buy price
USD 31.10

(0.0251 BTC)",Noumena,"Views: 6467 / Bids: Fixed price
Quantity left: Unlimited","500mg Desert Dream N,N-DMT (73.93 USD per gram)",Psychedelics,DMT,"500mg Desert Dream N,N-DMT (73.93 USD per gram)","Sold by Noumena -
473 sold since Sep 21, 2015Î¾Î¾Vendor Level 8Î¾Trust Level 7",Purchase price: USD 31.10,2,Drugs & ChemicalsDrugs & Chemicals,Psychedelics,"15g/1oz Dream Combo (one bag of each kind) N,N-DMT (51.36 USD per gram)","Buy price
USD 770.37

(0.6209 BTC)",Noumena,"Views: 69 / Bids: Fixed price
Quantity left: Unlimited","15g/1oz Dream Combo (one bag of each kind) N,N-DMT (51.36 USD per gram)",Psychedelics,DMT,"15g/1oz Dream Combo (one bag of each kind) N,N-DMT...","Sold by Noumena -
0 sold since Mar 13, 2017Î¾Î¾Vendor Level 8Î¾Trust Level 7",Purchase price: USD 770.37,21,Drugs & ChemicalsDrugs & Chemicals,Psychedelics,"DMT Pure Crystal 10g (N,N-Dimethyltryptamine) sample Š…ÄŠ…Ä FULL ESCROW Š…ÄŠ…Ä 100% delivery","Buy price
USD 365.00

(0.2942 BTC)",masturba.TOR,"Views: 28 / Bids: Fixed price
Quantity left: Unlimited","DMT Pure Crystal 10g (N,N-Dimethyltryptamine) sample Š…ÄŠ…Ä FULL ESCROW Š…ÄŠ…Ä 100% delivery",Psychedelics,DMT,"DMT Pure Crystal 10g (N,N-Dimethyltryptamine) samp...","Sold by masturba.TOR -
0 sold since Apr 18, 2017Î¾Î¾Vendor Level 1Î¾Trust Level 3",Purchase price: USD 365.00,21,Drugs & ChemicalsDrugs & Chemicals,Psychedelics,DMT Wanga 60% DMT - 250mg,"Buy price
USD 38.01

(0.0306 BTC)",Cloud_Aviator,null,DMT Wanga 60% DMT - 250mg,Psychedelics,DMT,DMT Wanga 60% DMT - 250mg,"Sold by Cloud_Aviator -
3 sold since Mar 4, 2017Î¾Î¾Vendor Level 1Î¾Trust Level 3",Purchase price: USD 38.01,14,Drugs & ChemicalsDrugs & Chemicals,Psychedelics,AYAHUASCA CIELO (CAAPI YELLOW) - BEST QUALITY OF AYAHUASCA HERB! - 250GRAMS,"Buy price
USD 49.90

(0.0402 BTC)",MicroDroper,"Views: 157 / Bids: Fixed price
Quantity left: Unlimited",AYAHUASCA CIELO (CAAPI YELLOW) - BEST QUALITY OF AYAHUASCA HERB! - 250GRAMS,Psychedelics,DMT,AYAHUASCA CIELO (CAAPI YELLOW) - BEST QUALITY OF A...,"Sold by MicroDroper -
0 sold since Jan 9, 2017Î¾Î¾Vendor Level 2Î¾Trust Level 6",Purchase price: USD 49.90,24,Drugs & ChemicalsDrugs & Chemicals,Psychedelics,"DMT Pure Crystal 20g (N,N-Dimethyltryptamine) sample Š…ÄŠ…Ä FULL ESCROW Š…ÄŠ…Ä 100% delivery","Buy price
USD 665.00

(0.5360 BTC)",masturba.TOR,"Views: 22 / Bids: Fixed price
Quantity left: Unlimited","DMT Pure Crystal 20g (N,N-Dimethyltryptamine) sample Š…ÄŠ…Ä FULL ESCROW Š…ÄŠ…Ä 100% delivery",Psychedelics,DMT,"DMT Pure Crystal 20g (N,N-Dimethyltryptamine) samp...","Sold by masturba.TOR -
0 sold since Apr 19, 2017Î¾Î¾Vendor Level 1Î¾Trust Level 3",Purchase price: USD 665.00,24,Drugs & ChemicalsDrugs & Chemicals,Psychedelics,250mg DMT Crystal Hand MHRB Extraction,"Buy price
USD 30.00

(0.0242 BTC)",LoveIsTheKey,"Views: 2455 / Bids: Fixed price
Quantity left: Unlimited",250mg DMT Crystal Hand MHRB Extraction,Psychedelics,DMT,250mg DMT Crystal Hand MHRB Extraction,"Sold by LoveIsTheKey -
50 sold since Sep 6, 2015Î¾Î¾Vendor Level 7Î¾Trust Level 6",Purchase price: USD 30.00,5,Drugs & ChemicalsDrugs & Chemicals,Psychedelics,DMT HIGH QUALITY NN DIMETHYLTRYPTAMINE 100mg  :) FREE SHIPPING!!!!!!!!!!!!,"Buy price
USD 12.00

(0.0097 BTC)",puremedicinehouse,"Views: 4314 / Bids: Fixed price
Quantity left: Unlimited",DMT HIGH QUALITY NN DIMETHYLTRYPTAMINE 100mg  :) FREE SHIPPING!!!!!!!!!!!!,Psychedelics,DMT,DMT HIGH QUALITY NN DIMETHYLTRYPTAMINE 100mg  :) F...,"Sold by puremedicinehouse -
251 sold since Nov 9, 2016Î¾Î¾Vendor Level 3Î¾Trust Level 4",Purchase price: USD 12.00,3,Drugs & ChemicalsDrugs & Chemicals,Psychedelics,10 Geltabs Psilocin 4-HO-DMT 15mg,"Buy price
USD 50.00

(0.0403 BTC)",Fapppylicious,"Views: 2772 / Bids: Fixed price
Quantity left: 9",10 Geltabs Psilocin 4-HO-DMT 15mg,Psychedelics,DMT,10 Geltabs Psilocin 4-HO-DMT 15mg,"Sold by Fapppylicious -
50 sold since Mar 19, 2016Î¾Î¾Vendor Level 6Î¾Trust Level 6",Purchase price: USD 50.00,5,Drugs & ChemicalsDrugs & Chemicals,Psychedelics,1000mg of Premium Organic Blend Changa / Extremely Potent - (See description for detailed info),"Buy price
USD 225.00

(0.1813 BTC)",tryptaminded,"Views: 72 / Bids: Fixed price
Quantity left: 5",1000mg of Premium Organic Blend Changa / Extremely Potent - (See description for detailed info),Psychedelics,DMT,1000mg of Premium Organic Blend Changa / Extremely...,"Sold by tryptaminded -
0 sold since Feb 21, 2017Î¾Î¾Vendor Level 1Î¾Trust Level 6",Purchase price: USD 225.00,22,Drugs & ChemicalsDrugs & Chemicals,Psychedelics,(1000mg )1 gram dmt dimethyltryptamine,"Buy price
USD 60.00

(0.0483 BTC)",visualtraveller,"Views: 929 / Bids: Fixed price
Quantity left: Unlimited",(1000mg )1 gram dmt dimethyltryptamine,Psychedelics,DMT,(1000mg )1 gram dmt dimethyltryptamine,"Sold by visualtraveller -
27 sold since Dec 16, 2016Î¾Î¾Vendor Level 1Î¾Trust Level 4",Purchase price: USD 60.00,7,Drugs & ChemicalsDrugs & Chemicals,Psychedelics,1 gram Dmt,"Buy price
USD 48.38

(0.0390 BTC)",TheDrugCompany,null,1 gram Dmt,Psychedelics,DMT,1 gram Dmt,"Sold by TheDrugCompany -
441 sold since Jun 12, 2016Î¾Î¾Vendor Level 7Î¾Trust Level 5",Purchase price: USD 48.38,2,Drugs & ChemicalsDrugs & Chemicals,Psychedelics,0.5 GR. PURE DMT,"Buy price
USD 98.33

(0.0791 BTC)",FrankMatthews,"Views: 1306 / Bids: Fixed price
Quantity left: Unlimited",0.5 GR. PURE DMT,Psychedelics,DMT,0.5 GR. PURE DMT,"Sold by FrankMatthews -
4 sold since Oct 26, 2016Î¾Î¾Vendor Level 10Î¾Trust Level 10",Purchase price: USD 98.33,14,Drugs & ChemicalsDrugs & Chemicals,Psychedelics,"DMT Pure Crystal 50g (N,N-Dimethyltryptamine)  Š…ÄŠ…Ä FULL ESCROW Š…ÄŠ…Ä 100% delivery","Buy price
USD 1,450.00

(1.1686 BTC)",masturba.TOR,"Views: 23 / Bids: Fixed price
Quantity left: Unlimited","DMT Pure Crystal 50g (N,N-Dimethyltryptamine)  Š…ÄŠ…Ä FULL ESCROW Š…ÄŠ…Ä 100% delivery",Psychedelics,DMT,"DMT Pure Crystal 50g (N,N-Dimethyltryptamine)  Š…ÄŠ…Ä ...","Sold by masturba.TOR -
0 sold since Apr 19, 2017Î¾Î¾Vendor Level 1Î¾Trust Level 3","Purchase price: USD 1,450.00",24,Drugs & ChemicalsDrugs & Chemicals,Psychedelics,4-HO-MET 250 mg,"Buy price
USD 53.33

(0.0429 BTC)",rgn,"Views: 74 / Bids: Fixed price
Quantity left: Unlimited",4-HO-MET 250 mg,Psychedelics,DMT,4-HO-MET 250 mg,"Sold by rgn -
0 sold since Feb 15, 2017Î¾Î¾Vendor Level 7Î¾Trust Level 6",Purchase price: USD 53.33,20,Drugs & ChemicalsDrugs & Chemicals,Psychedelics,ETHEREUM DISCOUNT 2.5 gramdmt dimethyltryptamine,"Buy price
USD 145.00

(0.1169 BTC)",visualtraveller,"Views: 7 / Bids: Fixed price
Quantity left: Unlimited",ETHEREUM DISCOUNT 2.5 gramdmt dimethyltryptamine,Psychedelics,DMT,ETHEREUM DISCOUNT 2.5 gramdmt dimethyltryptamine,"Sold by visualtraveller -
0 sold since Apr 10, 2017Î¾Î¾Vendor Level 1Î¾Trust Level 4",Purchase price: USD 145.00,,Drugs & ChemicalsDrugs & Chemicals,Psychedelics,NN-DMT - Fumarate 0.25 gram Food Grade,"Buy price
USD 38.06

(0.0307 BTC)",Blue_Fairy,"Views: 379 / Bids: Fixed price
Quantity left: 5",NN-DMT - Fumarate 0.25 gram Food Grade,Psychedelics,DMT,NN-DMT - Fumarate 0.25 gram Food Grade,"Sold by Blue_Fairy -
2 sold since Oct 11, 2016Î¾Î¾Vendor Level 5Î¾Trust Level 5",Purchase price: USD 38.06,15,Drugs & ChemicalsDrugs & Chemicals,Psychedelics,"DMT Pure Crystal 1g (N,N-Dimethyltryptamine)","Buy price
USD 65.00

(0.0524 BTC)",littlewizard,"Views: 9185 / Bids: Fixed price
Quantity left: Unlimited","DMT Pure Crystal 1g (N,N-Dimethyltryptamine)",Psychedelics,DMT,"DMT Pure Crystal 1g (N,N-Dimethyltryptamine)","Sold by littlewizard -
256 sold since Nov 1, 2016Î¾Î¾Vendor Level 2Î¾Trust Level 4",null,2,Drugs & ChemicalsDrugs & Chemicals,Psychedelics,8 grams dmt dimethyltryptamine,"Buy price
USD 500.00

(0.4030 BTC)",visualtraveller,"Views: 66 / Bids: Fixed price
Quantity left: Unlimited",8 grams dmt dimethyltryptamine,Psychedelics,DMT,8 grams dmt dimethyltryptamine,"Sold by visualtraveller -
0 sold since Jan 6, 2017Î¾Î¾Vendor Level 1Î¾Trust Level 4",Purchase price: USD 500.00,,Drugs & ChemicalsDrugs & Chemicals,Psychedelics,"500mg Dream Combo (one bag of each kind) N,N-DMT (67.61 USD per gram)","Buy price
USD 33.81

(0.0273 BTC)",Noumena,"Views: 8233 / Bids: Fixed price
Quantity left: Unlimited","500mg Dream Combo (one bag of each kind) N,N-DMT (67.61 USD per gram)",Psychedelics,DMT,"500mg Dream Combo (one bag of each kind) N,N-DMT (...","Sold by Noumena -
522 sold since Sep 21, 2015Î¾Î¾Vendor Level 8Î¾Trust Level 7",Purchase price: USD 33.81,2,Drugs & ChemicalsDrugs & Chemicals,Psychedelics,TradeRoute Market - Free Pass to login!!!,"Buy price
USD 0.00

(0.0000 BTC)",oildabber,"Views: 104 / Bids: Fixed price
Quantity left: Unlimited",TradeRoute Market - Free Pass to login!!!,Psychedelics,DMT,TradeRoute Market - Free Pass to login!!!,"Sold by oildabber -
2 sold since Feb 22, 2017Î¾Î¾Vendor Level 3Î¾Trust Level 5",Purchase price: USD 0.00,16,Drugs & ChemicalsDrugs & Chemicals,Psychedelics,250gr of Brazilian Powdered Mimosa Hostilis MHRB,"Buy price
USD 29.95

(0.0241 BTC)",pinealguru,"Views: 716 / Bids: Fixed price
Quantity left: 12",250gr of Brazilian Powdered Mimosa Hostilis MHRB,Psychedelics,DMT,250gr of Brazilian Powdered Mimosa Hostilis MHRB,"Sold by pinealguru -
5 sold since Jan 2, 2016Î¾Î¾Vendor Level 1Î¾Trust Level 5",Purchase price: USD 29.95,12,Drugs & ChemicalsDrugs & Chemicals,Psychedelics,"50g Desert Dream N,N-DMT (43.5 USD per gram)","Buy price
USD 2,174.20

(1.7523 BTC)",Noumena,"Views: 68 / Bids: Fixed price
Quantity left: Unlimited","50g Desert Dream N,N-DMT (43.5 USD per gram)",Psychedelics,DMT,"50g Desert Dream N,N-DMT (43.5 USD per gram)","Sold by Noumena -
0 sold since Mar 13, 2017Î¾Î¾Vendor Level 8Î¾Trust Level 7","Purchase price: USD 2,174.20",30,Drugs & ChemicalsDrugs & Chemicals,Psychedelics,AYAHUASCA Ready To Drink one dose only here,"Buy price
USD 49.00

(0.0395 BTC)",LoveIsTheKey,"Views: 4754 / Bids: Fixed price
Quantity left: Unlimited",AYAHUASCA Ready To Drink one dose only here,Psychedelics,DMT,AYAHUASCA Ready To Drink one dose only here,"Sold by LoveIsTheKey -
49 sold since Sep 6, 2015Î¾Î¾Vendor Level 7Î¾Trust Level 6",Purchase price: USD 49.00,5,Drugs & ChemicalsDrugs & Chemicals,Psychedelics,Special DMT 1000 mg (1g)  - Pure crystals - High quality - Express Post - 100%FE,"Buy price
USD 189.59

(0.1529 BTC)",MrDMT,null,Special DMT 1000 mg (1g)  - Pure crystals - High quality - Express Post - 100%FE,Psychedelics,DMT,Special DMT 1000 mg (1g)  - Pure crystals - High q...,"Sold by MrDMT -
152 sold since Jan 25, 2016Î¾Î¾Vendor Level 6Î¾Trust Level 6",Purchase price: USD 189.59,3,Drugs & ChemicalsDrugs & Chemicals,Psychedelics,4 grams dmt dimethyltryptamine,"Buy price
USD 260.00

(0.2095 BTC)",visualtraveller,"Views: 159 / Bids: Fixed price
Quantity left: Unlimited",4 grams dmt dimethyltryptamine,Psychedelics,DMT,4 grams dmt dimethyltryptamine,"Sold by visualtraveller -
1 sold since Dec 16, 2016Î¾Î¾Vendor Level 1Î¾Trust Level 4",Purchase price: USD 260.00,18,Drugs & ChemicalsDrugs & Chemicals,Psychedelics,1000mg - 5-MeO-DMT - Freebase - Purified Potent Tryptamine,"Buy price
USD 139.99

(0.1127 BTC)",Cannabis,null,1000mg - 5-MeO-DMT - Freebase - Purified Potent Tryptamine,Psychedelics,DMT,1000mg - 5-MeO-DMT - Freebase - Purified Potent Tr...,"Sold by Cannabis -
42 sold since Sep 10, 2016Î¾Î¾Vendor Level 3Î¾Trust Level 6",Purchase price: USD 139.99,6,Drugs & ChemicalsDrugs & Chemicals,Psychedelics,DMT - 250 mg - High Purity,"Buy price
USD 59.97

(0.0483 BTC)",TheRainbowSerpent,"Views: 402 / Bids: Fixed price
Quantity left: Unlimited",DMT - 250 mg - High Purity,Psychedelics,DMT,DMT - 250 mg - High Purity,"Sold by TheRainbowSerpent -
16 sold since Oct 27, 2016Î¾Î¾Vendor Level 1Î¾Trust Level 4",Purchase price: USD 59.97,9,Drugs & ChemicalsDrugs & Chemicals,Psychedelics,500mg DMT Pure Crystal MHRB Hand Extractio,"Buy price
USD 49.00

(0.0395 BTC)",LoveIsTheKey,"Views: 3573 / Bids: Fixed price
Quantity left: Unlimited",500mg DMT Pure Crystal MHRB Hand Extractio,Psychedelics,DMT,500mg DMT Pure Crystal MHRB Hand Extractio,"Sold by LoveIsTheKey -
107 sold since Nov 7, 2015Î¾Î¾Vendor Level 7Î¾Trust Level 6",Purchase price: USD 49.00,4,Drugs & ChemicalsDrugs & Chemicals,Psychedelics,0.5g Changa 50% DMT - Containing Ayahuasca,"Buy price
USD 35.00

(0.0282 BTC)",third_eye,"Views: 1702 / Bids: Fixed price
Quantity left: Unlimited",0.5g Changa 50% DMT - Containing Ayahuasca,Psychedelics,DMT,0.5g Changa 50% DMT - Containing Ayahuasca,"Sold by third_eye -
78 sold since Mar 15, 2017Î¾Î¾Vendor Level 1Î¾Trust Level 3",Purchase price: USD 35.00,4,Drugs & ChemicalsDrugs & Chemicals,Psychedelics,"DMT 500mg, natural extraction, very potent Psychedelic","Buy price
USD 47.95

(0.0386 BTC)",Chem__Trails,"Views: 9 / Bids: Fixed price
Quantity left: Unlimited","DMT 500mg, natural extraction, very potent Psychedelic",Psychedelics,DMT,"DMT 500mg, natural extraction, very potent Psyched...","Sold by Chem__Trails -
0 sold since Apr 17, 2017Î¾Î¾Vendor Level 1Î¾Trust Level 3",Purchase price: USD 47.95,30,Drugs & ChemicalsDrugs & Chemicals,Psychedelics,Ayahuasca Three Person Kit,"Buy price
USD 75.00

(0.0604 BTC)",blackhand,"Views: 890 / Bids: Fixed price
Quantity left: Unlimited",Ayahuasca Three Person Kit,Psychedelics,DMT,Ayahuasca Three Person Kit,"Sold by blackhand -
8 sold since Mar 18, 2016Î¾Î¾Vendor Level 4Î¾Trust Level 6",Purchase price: USD 75.00,11,Drugs & ChemicalsDrugs & Chemicals,Psychedelics,DMT 2000 mg (2g)  - Pure crystals - High quality - Express Post - 100%FE,"Buy price
USD 331.81

(0.2674 BTC)",MrDMT,null,DMT 2000 mg (2g)  - Pure crystals - High quality - Express Post - 100%FE,Psychedelics,DMT,DMT 2000 mg (2g)  - Pure crystals - High quality -...,"Sold by MrDMT -
10 sold since Apr 30, 2016Î¾Î¾Vendor Level 6Î¾Trust Level 6",Purchase price: USD 331.81,10,Drugs & ChemicalsDrugs & Chemicals,Psychedelics,10g SUPER SHAMAN Strenght DMT 50% Changa. All organic.,"Buy price
USD 460.40

(0.3711 BTC)",Weed4bits2,"Views: 634 / Bids: Fixed price
Quantity left: Unlimited",10g SUPER SHAMAN Strenght DMT 50% Changa. All organic.,Psychedelics,DMT,10g SUPER SHAMAN Strenght DMT 50% Changa. All orga...,"Sold by Weed4bits2 -
0 sold since May 11, 2016Î¾Î¾Vendor Level 3Î¾Trust Level 5",Purchase price: USD 460.40,24,Drugs & ChemicalsDrugs & Chemicals,Psychedelics,DMT (1000mg),"Buy price
USD 50.00

(0.0402 BTC)",GoodieMart,"Views: 764 / Bids: Fixed price
Quantity left: Unlimited",DMT (1000mg),Psychedelics,DMT,DMT (1000mg),"Sold by GoodieMart -
27 sold since Mar 29, 2017Î¾Î¾Vendor Level 1Î¾Trust Level 3",Purchase price: USD 50.00,7,Drugs & ChemicalsDrugs & Chemicals,Psychedelics,1000mg CHANGA 50% DMT Crystal,"Buy price
USD 65.00

(0.0524 BTC)",LoveIsTheKey,"Views: 3289 / Bids: Fixed price
Quantity left: Unlimited",1000mg CHANGA 50% DMT Crystal,Psychedelics,DMT,1000mg CHANGA 50% DMT Crystal,"Sold by LoveIsTheKey -
108 sold since Sep 6, 2015Î¾Î¾Vendor Level 7Î¾Trust Level 6",Purchase price: USD 65.00,4,Drugs & ChemicalsDrugs & Chemicals,Psychedelics,DMT - 100 mg - High Purity,"Buy price
USD 33.06

(0.0266 BTC)",TheRainbowSerpent,"Views: 495 / Bids: Fixed price
Quantity left: Unlimited",DMT - 100 mg - High Purity,Psychedelics,DMT,DMT - 100 mg - High Purity,"Sold by TheRainbowSerpent -
17 sold since Oct 27, 2016Î¾Î¾Vendor Level 1Î¾Trust Level 4",Purchase price: USD 33.06,9,Drugs & ChemicalsDrugs & Chemicals,Psychedelics,<3 SPECIAL OFFER 5g CHANGA 50% Pure DMT Good Buy,"Buy price
USD 180.00

(0.1452 BTC)",DMT-lovestore,"Views: 1537 / Bids: Fixed price
Quantity left: 8",<3 SPECIAL OFFER 5g CHANGA 50% Pure DMT Good Buy,Psychedelics,DMT,<3 SPECIAL OFFER 5g CHANGA 50% Pure DMT Good Bu...,"Sold by DMT-lovestore -
48 sold since Nov 27, 2015Î¾Î¾Vendor Level 5Î¾Trust Level 5",Purchase price: USD 180.00,5,Drugs & Chemicals